2575 3367
477 318 749 370 mmma
914 306 1017 374 'm

223 430 268 499 sic,
280 429 304 485 si
320 431 495 502 unusquisque
511 436 627 486 uestrum
643 432 676 487 ad
687 450 716 488 se
732 431 815 502 rapiat
831 432 962 488 commoda
972 433 1018 490 sli-

223 524 305 573 crum,
318 507 493 579 detrahatque,
505 509 573 578 quod
588 509 681 580 cuique
696 510 785 580 possit,
798 509 961 564 emolumenti
976 510 1018 565 sui

222 584 314 653 gratia,
331 584 440 640 societas
455 585 586 640 hominum
602 588 629 641 et
644 586 813 640 communitas
829 589 960 641 evertatur
975 605 1017 642 ne·

223 676 294 714 cesse
306 665 354 714 est.
391 661 458 715 Nam
476 661 526 716 sibi
542 664 573 716 ut
590 661 697 732 quisque
714 661 794 726 malit,
806 660 874 733 quod
892 661 926 716 ad
942 680 1017 717 usum

223 735 283 790 vitae
302 736 436 806 pertineat,
457 754 533 806 quam
553 736 627 791 alteri
647 737 783 807 acquirere,
803 754 951 792 concessum
969 743 1018 806 est,

223 828 275 865 non
286 820 444 883 repugnante
455 816 562 869 natura:
579 811 641 868 illud
651 817 743 868 natum
753 831 805 868 uon
816 813 921 884 patitur,
930 819 961 867 ut
972 812 1017 868 ali·

222 904 298 942 crum
313 888 400 958 spoliis
416 892 517 944 uestras
532 888 677 957 facultates,
683 889 780 960 copias,
794 907 855 960 opes
871 907 1016 960 augeamus.

223 963 317 1033 Neque
324 981 385 1019 vero
395 963 444 1020 hoe
451 963 532 1020 solum
542 968 634 1020 natura
645 968 673 1020 et
681 965 739 1036 jura
751 966 874 1036 gentium,
882 965 928 1021 sed
939 965 1015 1020 etiam
1023 971 1055 1018 28

222 1037 322 1109 legibus
340 1039 498 1110 populorum,
517 1040 610 1112 quibus
626 1042 655 1097 iu
671 1042 779 1113 singulis
799 1042 946 1097 civitatibus
963 1060 1017 1096 res·

221 1115 324 1184 publica
335 1115 487 1182 continetur,
497 1116 585 1172 ecdem
596 1117 672 1174 modo
683 1118 853 1173 coustitutum
864 1126 912 1182 est,
925 1122 1016 1173 utnon

221 1192 297 1248 liceat
309 1194 348 1248 sui
361 1194 485 1249 commodi
496 1213 573 1250 causa
583 1213 675 1251 nccare
687 1196 769 1252 alteri
795 1196 854 1251 Hcc
866 1196 932 1250 cuim
944 1213 1016 1267 spec·

221 1273 279 1324 tant
291 1269 368 1342 leges,
381 1270 430 1326 hoc
440 1270 537 1337 volunt,
552 1271 705 1328 incolumem
720 1290 776 1328 esse
791 1271 885 1327 civium
896 1272 1016 1342 conjunc-

220 1346 333 1402 tionem:
352 1364 427 1418 quam
439 1348 483 1419 qui
495 1347 625 1414 dirimunt,
635 1366 680 1404 eos
691 1353 781 1415 morte,
793 1347 889 1412 exsilio,
899 1347 1015 1413 vinculis,

221 1421 313 1477 damno
325 1428 450 1480 coercent.
473 1425 559 1495 Atque
571 1424 619 1480 hcc
630 1425 712 1480 multo
725 1425 806 1496 magis
817 1423 894 1480 efficit
904 1424 961 1495 ipsa
971 1443 1016 1479 ua-

220 1501 287 1554 turae
304 1499 447 1570 retiaque
461 1503 502 1556 est
518 1499 562 1555 lex
578 1500 664 1556 divim
678 1505 706 1557 ct
721 1501 843 1556 humana:
868 1500 909 1556 cui
927 1519 1015 1571 parere

221 1575 265 1644 qui
273 1575 341 1642 velit,
352 1577 450 1646 (omnes
459 1581 544 1633 autem
554 1578 686 1648 parebunt,
696 1579 740 1650 qui
751 1578 889 1635 secundum
897 1582 1015 1633 naturam

220 1651 308 1707 velent
321 1653 424 1721 vicera)
436 1671 577 1725 numquam
588 1655 738 1722 committet,
748 1659 778 1710 ut
790 1656 899 1711 alienum
910 1658 1014 1726 appetat
1048 1677 1060 1707 .:

220 1730 247 1783 ct
257 1727 294 1793 id,
307 1728 376 1798 quod
387 1728 461 1784 alteri
472 1729 618 1796 detraxerit,
630 1732 680 1787 sibi
691 1735 812 1786 assumat.
836 1731 938 1786 Etenim
950 1730 1014 1785 mul·
1021 1740 1055 1785 24

219 1807 248 1858 tc
259 1804 341 1874 magis
353 1808 393 1861 est
405 1805 543 1861 secuudum
552 1811 669 1862 naturam
680 1807 813 1863 excelsitas
821 1808 898 1862 animi
909 1810 936 1862 et
944 1824 1014 1877 mag-

220 1880 320 1946 nitudo,
337 1881 448 1953 itemque
464 1882 577 1948 comitas,
591 1883 701 1952 justitia,
716 1883 860 1949 liberalitas,
878 1901 954 1954 quam
971 1900 1014 1936 vo·

219 1956 313 2027 luptas,
336 1975 412 2028 quam
434 1958 495 2024 vita,
516 1977 592 2030 quam
616 1958 724 2015 divitia:
755 1978 811 2030 qua
830 1960 931 2030 quidam
954 1975 1014 2012 cen·

220 2036 335 2088 temnere
352 2037 380 2097 et
398 2051 444 2104 prc
460 2034 539 2090 nihilo
557 2034 657 2101 ducere,
670 2040 856 2106 comparantem
872 2053 930 2090 cum
946 2033 1013 2088 utili·

219 2112 274 2164 tate
291 2110 427 2175 communi,
440 2110 526 2181 magni
542 2110 620 2166 animi
635 2115 663 2166 et
680 2111 774 2168 excelsi
788 2114 836 2165 est.
871 2109 1013 2166 Detrahere

219 2189 306 2241 autem
323 2184 356 2242 de
372 2186 453 2242 altero
470 2186 511 2242 sui
528 2187 653 2242 commodi
669 2205 753 2252 causa,
768 2186 849 2258 magis
866 2191 906 2242 cst
924 2190 1013 2242 contra

219 2267 346 2328 naturam,
359 2280 434 2333 quam
451 2280 527 2329 mors,
540 2281 615 2335 quam
628 2263 707 2332 dolor,
719 2282 794 2335 quam
812 2268 897 2319 cetera
912 2265 1011 2334 generis

218 2339 343 2411 ejusdem.
378 2339 496 2410 Itemque
513 2340 593 2410 mama
611 2344 652 2395 est
668 2340 806 2396 secundum
824 2345 947 2407 naturam,
966 2349 1051 2412 preat

217 2415 338 2471 omnibus
352 2416 478 2486 gentibus,
497 2416 591 2473 silleri
608 2417 697 2488 possit,
715 2417 893 2472 conservandis
910 2420 956 2471 aut
971 2418 1013 2488 ju-

218 2492 308 2548 vandis
329 2491 452 2547 maximos
475 2491 574 2548 labores
595 2492 775 2563 molestiasque
799 2493 937 2563 suscipere,
957 2493 1014 2547 imi-

217 2573 317 2624 tantem
332 2568 470 2624 Herculem
487 2569 565 2634 illum,
587 2587 662 2640 quem
679 2570 810 2624 hominum
828 2568 902 2633 lama,
921 2568 1012 2622 benefi-

217 2646 321 2701 ciorum
332 2662 436 2709 memor,
453 2645 480 2699 in
499 2645 604 2700 concilio
622 2645 760 2702 celestium
777 2645 917 2708 collocavit,
937 2663 1012 2715 quam

217 2723 303 2779 vivere
321 2722 349 2776 in
366 2721 502 2777 solitudine
520 2740 572 2776 non
589 2723 665 2777 mcdc
679 2724 733 2777 eine
750 2722 809 2776 ullis
825 2720 954 2786 molestiis,
967 2720 1016 2776 sed-

216 2800 295 2856 etiam
315 2799 343 2853 in
363 2798 478 2854 maximis
499 2798 682 2869 voluptatibus,
704 2799 873 2853 abundantem
895 2797 1012 2852 omnibus

216 2877 305 2949 capiis,
318 2879 349 2932 ut
360 2874 467 2932 excellas
478 2876 556 2932 etlam
567 2875 756 2948 pulchritudine
767 2878 794 2930 et
806 2872 909 2929 viribus.
946 2874 1017 2939 Quc-
