2575 3367
426 332 474 379 Du
492 333 669 385 AMICITIA.
698 339 774 385 cAP.
784 341 809 386 4.
982 330 1012 384 41

220 441 368 507 sthennis,
381 442 461 510 pridie
473 462 547 512 quarn
565 445 673 498 excessit
686 464 700 499 e
712 445 783 498 vita:
802 448 833 497 ut
848 459 880 497 ex
893 448 945 496 lam
962 443 1015 496 alto

220 518 353 588 dignitatis
366 518 447 588 gradu
465 519 496 572 ad
509 539 614 590 superos
627 521 745 575 rideatur
757 520 818 574 deos
830 521 924 590 potius,
938 538 1014 590 quam

220 594 253 649 ad
265 595 359 648 inferos
372 595 525 664 pervenisse.

255 671 303 724 IV.
324 671 416 741 Neque
425 672 491 725 enim
501 673 626 726 assentior
634 672 674 740 iis,
685 673 728 744 qui
738 673 791 727 haec
800 690 882 741 nuper
891 689 1014 725 disserere
1024 679 1051 725 la

219 753 358 817 eruperunt,
373 765 429 801 eum
443 747 591 817 corporibus
608 749 683 803 simul
701 750 798 803 animos
815 748 919 802 interire
937 754 1014 817 atque

219 824 304 877 omnia
315 828 397 878 morte
415 823 500 877 deleri.
536 824 599 878 Plus
617 825 684 894 apud
700 844 741 879 me
753 825 914 894 antiquorum
926 829 1014 877 auoto-

218 902 282 957 ritas
304 901 379 964 valet,
398 900 439 955 vel
460 905 604 955 nostrorum
622 906 754 970 majorum,
773 901 818 971 qui
833 901 941 955 mortuis
960 906 1013 955 tarn

218 977 338 1046 religiosa
347 977 406 1046 jura
423 975 583 1030 tribuerunt:
603 977 671 1047 quod
689 995 741 1031 non
757 977 1013 1048 fecissent'proleoto‚

219 1052 241 1105 si
253 1052 316 1104 nihil
328 1053 359 1105 ad
372 1070 414 1106 eos
429 1054 555 1122 pertinere
568 1053 760 1122 arbitrarentur,
770 1054 810 1108 vel
822 1071 917 1118 eorum,
931 1055 974 1124 qui
986 1056 1013 1109 in

219 1127 267 1182 hac
278 1132 347 1181 tana
358 1128 462 1182 suerunt
471 1147 637 1200 magnamque
651 1129 790 1184 Graciam:
810 1148 866 1200 qua
878 1148 946 1184 nunc
958 1131 1013 1201 qui·

219 1202 275 1257 dem
289 1202 372 1257 deleta
383 1211 430 1268 est,
441 1209 503 1258 tunc
514 1204 628 1270 florebat,
639 1206 766 1260 institutis
775 1209 802 1260 et
814 1206 947 1276 praeceptis
960 1207 1013 1260 suis

218 1278 383 1333 erudierunt:
402 1281 441 1333 vel
459 1281 539 1350 cujus,
559 1281 602 1350 qui
621 1281 744 1351 Apollinis
762 1281 865 1335 oraculo
881 1283 1013 1351 sapientis-

219 1356 298 1410 simus
311 1360 351 1410 est
359 1355 497 1424 judicatus,
511 1357 554 1426 qui
566 1375 617 1410 non
629 1361 684 1410 turn
698 1358 755 1421 hoc,
767 1361 823 1412 tum
835 1357 905 1423 illud,
918 1363 949 1411 ιιι
962 1358 1013 1427 ple-

218 1432 312 1502 risque,
325 1432 370 1486 sed
382 1432 448 1486 idem
461 1451 567 1502 semper,
579 1434 692 1487 Animos
703 1434 833 1487 bominum
844 1452 894 1487 ease
903 1434 1005 1488 dinnao

218 1509 310 1577 dispare,
324 1527 406 1578 qnam
423 1527 436 1562 e
453 1527 557 1577 corpore
572 1512 739 1574 accederent,
757 1511 869 1564 reditum
880 1510 913 1563 in
924 1475 1024 1564 calaad
1059 1550 1061 1553 -

217 1594 305 1653 patere
323 1588 466 1654 optimoque
482 1597 505 1638 et
514 1588 659 1652 jcsldsimo
675 1589 764 1656 cuique
781 1586 1011 1656 expeditissimum

219 1659 297 1716 Quod
309 1658 370 1712 item
386 1660 496 1727 Scipioni
507 1660 648 1725 videbatur,
662 1661 706 1731 qui
724 1662 833 1731 quidem,
846 1662 918 1732 quasi
935 1669 1050 1730 pras-14

219 1735 308 1803 agiret,
321 1736 452 1803 perpaucis
471 1742 530 1790 ante
547 1741 656 1790 mortem
674 1736 772 1801 diebus,
786 1755 866 1806 quum
884 1742 910 1791 et
922 1737 1011 1792 Philus

219 1817 246 1863 et
266 1811 388 1864 Manilius
406 1810 529 1874 adessent,
547 1817 574 1865 et
591 1812 634 1865 alii
647 1811 733 1880 plures
751 1817 831 1882 tuque
848 1813 932 1876 etiam,
946 1814 1012 1868 Scae·

218 1886 283 1951 vola,
297 1904 393 1939 meeum
412 1886 530 1950 venisses,
550 1887 664 1940 triduum
683 1886 803 1941 disseruit
818 1887 849 1942 de
865 1888 1010 1957 republica:

218 1963 292 2030 eujus
305 1961 483 2029 disputationis
496 1963 545 2016 fuit
558 1969 699 2016 extremum
713 1963 766 2016 fere
778 1964 810 2017 de
821 1963 1011 2020 immortalitate

218 2038 356 2092 animorum
369 2057 374 2091 :
393 2057 451 2108 quae
460 2057 489 2092 se
502 2038 529 2091 in
541 2038 626 2108 quiete
637 2057 684 2108 per
697 2039 777 2093 risum
790 2056 824 2093 ex
835 2038 955 2093 Africano
967 2059 1012 2094 au-

218 2114 286 2167 disse
295 2112 401 2167 dicebat.
438 2112 470 2167 Id
482 2115 505 2168 si
516 2114 553 2168 ita
565 2122 612 2178 est,
626 2119 657 2167 ut
675 2114 765 2182 optimi
776 2118 901 2184 cujusque
912 2117 1011 2170 animm

217 2190 245 2242 in
257 2195 338 2242 morte
350 2189 467 2244 facillime
484 2190 568 2244 evolet
584 2194 715 2259 tamquam
734 2207 749 2244 e
766 2189 883 2244 custodia
894 2191 1010 2246 vinculis·

218 2283 267 2335 que
280 2265 391 2334 eorporis
400 2286 408 2328 ;
427 2265 468 2319 oui
480 2283 611 2320 censemus
630 2283 733 2320 cursum
750 2265 782 2320 ad
800 2266 861 2320 deos
874 2267 1010 2322 faciliorem

217 2342 304 2407 luisse,
312 2359 387 2410 quam
400 2341 526 2410 Scipioni?
546 2342 674 2401 Quocirca
683 2361 786 2398 merere
795 2343 844 2398 hoo
853 2347 909 2413 ejus
917 2353 1011 2399 eventu

217 2436 307 2472 vereor
318 2436 350 2470 ne
362 2417 441 2471 invidi
452 2419 541 2488 magis,
555 2436 630 2489 quam
643 2419 718 2474 amici
733 2421 776 2474 sit.
813 2421 859 2474 Sin
870 2426 955 2475 autem
968 2422 1011 2476 illa

216 2494 322 2556 veriora,
341 2497 370 2546 ut
388 2492 454 2547 idem
472 2494 593 2549 interitus
609 2495 643 2549 sit
662 2496 803 2550 animorum
822 2501 849 2550 et
867 2515 1008 2566 corporum,

215 2589 263 2625 nee
274 2569 342 2623 ullus
354 2588 443 2624 seusus
456 2574 572 2625 maneat:
590 2575 621 2624 ut
633 2571 696 2625 nihil
707 2571 767 2626 boui
780 2576 820 2626 est
832 2572 859 2626 in
870 2580 960 2636 morte,
973 2573 1010 2628 sic

216 2651 286 2700 oerte
304 2645 368 2699 nihil
386 2645 453 2700 mali.
490 2648 574 2700 Seusu
589 2647 658 2701 cuim
675 2647 777 2710 amisso,
795 2647 825 2700 fit
843 2647 917 2711 idem,
937 2651 1010 2716 quasi

214 2728 291 2777 natus
309 2739 362 2775 non
378 2726 447 2777 esset
464 2723 566 2777 omnino
575 2744 583 2788 ;
604 2741 681 2792 quem
698 2727 784 2778 tamen
802 2741 858 2777 esse
874 2730 963 2777 natum
982 2735 1009 2778 et

215 2817 261 2854 nos
285 2796 433 2866 gaudemus,
458 2802 485 2853 et
508 2799 563 2853 baeo
586 2798 683 2865 civitas,
707 2798 768 2852 dum
792 2799 848 2865 erit,
872 2799 1008 2855 laetabitur.

215 2873 389 2935 Quamobrem
400 2892 459 2931 eum
475 2873 518 2930 illo
531 2873 639 2945 quiden,
652 2879 683 2930 ut
700 2893 777 2945 supra
793 2873 1046 2947 dini,aotumop-15
