2575 3367
492 310 559 358 ΗΒ.
574 312 594 359 1.
613 313 687 360 cAl‘.
706 317 743 362 22.
983 322 1013 367 2⁹

218 424 334 494 pagitas:
356 441 407 479 nou
427 423 510 476 minos
528 422 674 492 praclarum
695 424 751 490 lroc,
771 443 844 495 quam
861 426 932 496 illud,
946 427 1014 498 judi-

218 501 325 555 candum
340 506 389 556 est.
420 497 487 554 Illud
499 498 566 552 enim
578 499 656 553 semel
669 501 772 570 profuit,
785 502 833 556 hoc
845 521 944 573 semper
956 523 1014 575 pro-

218 573 283 631 derit
306 577 420 633 civitati:
452 573 500 629 hoc
521 575 626 629 consilio
647 576 717 645 leges
738 578 940 645 Atheniensium,
966 581 1013 636 lroc

217 656 342 721 majorum
355 653 475 707 instituta
492 656 633 705 servantur.
669 652 706 706 lit
718 653 900 709 Themistocles
913 655 1012 726 quidem

217 729 280 783 nihil
292 728 395 797 dixerit,
407 728 434 782 in
446 743 496 798 quo
512 727 567 797 ipse
585 729 748 799 Areopagum
766 729 906 800 adjuverit:
931 735 960 785 at
971 732 1013 786 ille

217 821 283 869 vere,
300 804 332 860 ab
349 822 377 859 se
396 803 514 873 adjutum
532 802 736 860 Themistoclem.
772 806 823 860 Est
841 807 907 861 enim
919 806 1011 862 bellum

217 883 320 949 gestum
336 879 441 934 consilio
459 882 563 933 senatus
581 879 702 951 ejusqui
719 881 838 936 aSolone
851 886 906 937 erat
918 884 1013 938 consti·

217 959 300 1013 tutus.
336 956 411 1011 Licet
421 953 511 1010 eadem
528 953 560 1009 dc
573 954 699 1010 Pausania
716 957 896 1030 Lysandroque
913 959 1010 1014 dicere:
1024 964 1057 1013 76

218 1050 324 1102 quorum
334 1031 411 1086 rebus
423 1030 503 1101 gestis
516 1049 666 1102 quamquam
680 1033 812 1104 imperium
823 1034 1012 1090 Lacedaemonis

217 1107 352 1162 dilatatum
364 1110 485 1177 putatur3
509 1110 596 1162 tamen
611 1126 643 1163 ne
661 1109 764 1164 minima
782 1110 883 1181 quidem
896 1130 928 1166 ex
940 1118 1012 1181 parta

217 1184 331 1254 Lycurgi
349 1183 449 1254 legibus
467 1186 494 1237 et
511 1182 650 1254 discipline
671 1186 817 1240 conserendi
838 1192 906 1241 sunt.
942 1189 1013 1248 Quin

217 1261 293 1314 etiam
315 1259 348 1313 ob
369 1259 414 1313 has
433 1259 501 1328 ipsas
528 1277 616 1315 causes
641 1264 668 1314 et
689 1262 845 1330 parentiores
868 1262 1013 1317 habueruut

217 1336 346 1391 exercitus
370 1341 397 1389 et
421 1335 548 1390 fortiores.
589 1336 657 1390 Mihi
684 1336 786 1406 quidem
811 1356 900 1408 neque,
925 1339 1012 1409 pueris

217 1412 297 1477 nobis,
315 1413 353 1466 M.
374 1413 484 1466 Scaurus
502 1411 531 1465 0.
550 1411 641 1480 Mario,
655 1430 745 1483 neque,
759 1431 837 1484 quum
854 1431 1013 1468 versaremur

174 1562 177 1571 Ι
217 1489 243 1542 ia
265 1488 405 1559 republica,
428 1488 459 1554 0„
482 1487 590 1543 Catulus
610 1489 659 1544 Cn
684 1490 805 1560 Pompeio
830 1489 919 1546 cedere
942 1490 1012 1547 vide-

217 1565 300 1620 betur.

232 1677 235 1682 ·
274 1656 347 1704 Parvi
357 1661 420 1702 enlm
429 1656 486 1703 ioris
495 1661 550 1703 sunt
559 1670 632 1711 arma,
641 1658 687 1704 alal
698 1661 730 1704 stt
739 1659 864 1706 consililrm
874 1660 945 1707 domi.

217 1745 273 1800 Nec
287 1745 345 1816 plus
362 1745 506 1812 Africanus,
526 1731 661 1816 singula’iis
677 1751 703 1802 et
720 1748 760 1802 vir
777 1752 803 1802 et
822 1748 965 1818 imperator,
984 1747 1011 1802 ia

217 1820 355 1876 excidenda
375 1821 516 1876 Numantia
536 1823 680 1893 reipublicae
700 1824 804 1894 profuit,
826 1843 902 1895 quam
923 1823 1010 1877 eodem

216 1902 331 1968 tempore
350 1897 381 1952 P.
402 1898 498 1952 Nasica
517 1899 639 1969 privatus,
661 1918 738 1970 quum
755 1900 794 1953 li.
814 1900 955 1954 Gracchum
973 1899 1012 1952 in·

216 1974 333 2028 teremit:
362 1992 513 2046 quamquam
536 1974 591 2028 hacc
615 1975 716 2045 quidem
739 1993 780 2029 res
802 1993 854 2029 non
875 1975 956 2029 solum
977 1992 1011 2029 ex

216 2050 356 2106 domestica
379 2055 419 2106 est
436 2053 549 2106 ratione:
580 2054 697 2123 (attingit
714 2052 790 2107 etiam
808 2053 930 2117 bellicam,
951 2070 1011 2122 quo·

216 2128 283 2181 niam
302 2129 328 2183 ri
346 2145 472 2199 manuque
490 2128 605 2182 confecta
623 2129 691 2198 estz)
714 2129 758 2182 sed
777 2132 863 2182 tamen
879 2127 905 2182 id
926 2128 1009 2199 ipsum

216 2210 318 2274 gestum
334 2208 375 2258 est
386 2203 492 2258 consilio
504 2203 600 2258 urbano
617 2205 671 2259 sine
688 2205 809 2259 exercitu.
845 2204 913 2260 Illud
925 2210 1009 2260 autem
1023 2207 1053 2258 77

215 2281 339 2350 optimum
359 2284 406 2348 cst,
418 2280 446 2334 in
463 2279 532 2351 quod
548 2279 633 2334 invadi
651 2280 731 2336 solere
749 2281 780 2336 ab
792 2282 913 2352 improbis
930 2286 956 2337 et
973 2282 1011 2336 in-

216 2356 280 2411 vidis
293 2356 384 2411 audio:

234 2434 238 2440 ’
349 2449 440 2496 Cedant
450 2462 515 2495 arma
524 2453 591 2508 toga,
601 2450 712 2496 concedat
720 2449 799 2496 laurea
807 2451 879 2499 laudi.

218 2539 255 2595 Ut
267 2539 335 2594 enim
348 2537 410 2592 alios
423 2539 538 2592 omittam
560 2538 633 2593 nobis
651 2539 829 2610 rempublicam
849 2539 1012 2610 gubernanti·

215 2616 270 2681 bus,
284 2633 369 2669 nonne
381 2618 450 2685 togae
463 2633 532 2668 arma
544 2617 663 2670 cessere?
688 2615 779 2687 Neque
792 2616 857 2669 enim
871 2615 1011 2685 periculum

215 2692 241 2746 in
261 2691 393 2762 republica
413 2691 425 2744 f
445 2691 464 2745 't
482 2691 584 2761 gravius
603 2710 733 2762 umquam,
752 2709 799 2745 nec
820 2692 901 2760 majus
921 2690 1011 2745 otium.

216 2769 258 2821 lta
278 2767 392 2822 consiliis
410 2765 590 2837 diligentiaque
608 2773 695 2821 nostra
714 2766 828 2820 celeriter
847 2766 878 2820 de
895 2766 1011 2821 manibus

215 2843 440 2900 audacissimorum
459 2843 551 2898 civium
570 2842 672 2912 delapsa
693 2861 762 2896 arma
782 2841 837 2911 ipsa
858 2842 1012 2898 oeciderunt.
