2575 3367
289 451 323 499 ts
575 445 624 494 DE
642 432 795 493 oslacus
898 462 904 471 ·

288 557 383 614 inferre
400 573 549 612 sermonem.
585 555 656 610 Bene
673 554 793 618 Perieles,
812 569 891 622 quum
909 550 1018 606 haberet
1035 549 1082 606 eol·

289 635 372 704 legam
384 634 411 688 iu
423 637 534 704 pretura
543 630 692 701 Sophoclem
705 635 813 701 poetam,
823 629 900 699 hique
912 628 945 683 de
958 626 1083 683 eommuni

290 711 371 766 officio
387 710 572 773 convenissent,
586 714 613 763 et
629 725 690 762 easu
708 706 833 762 formosus
851 723 915 774 puer
933 707 1082 776 preteriret,

290 787 446 859 dixissetque
456 785 609 857 Sophocles:
628 789 644 814 ‘¹
652 784 676 838 O
684 802 790 854 puerum
801 781 943 853 pulchrum,
955 782 1054 837 Pericle
1062 781 1083 836 !”

291 867 328 920 At
340 865 412 918 enim
423 872 567 934 praeterere,
584 860 713 932 Sophocle,
725 860 791 914 decet
808 877 864 913 non
878 859 964 912 dem
982 876 1084 924 maram,

290 940 334 994 sed
347 941 427 994 etiam
442 938 526 992 eosdm
543 937 699 991 abstinentes
715 936 812 990 babere
848 936 935 1006 Atque
952 935 1004 990 hoe
1021 932 1085 989 idem

293 1014 429 1086 Sophocles
448 1013 470 1067 si
491 1013 518 1067 in
539 1013 692 1067 athletarum
711 1011 861 1082 probatione
881 1011 998 1077 dixisset,
1015 1016 1086 1082 justa

281 1091 486 1163 reprehensione
497 1089 628 1144 caruisset.
665 1091 747 1142 'lanta
763 1088 802 1142 vis
820 1092 860 1142 est
876 1091 903 1142 et
919 1087 969 1142 loei
985 1093 1014 1142 et
1027 1094 1086 1142 tem-

292 1169 370 1240 poris.
408 1166 455 1233 Ut,
467 1166 488 1220 si
501 1165 553 1237 qni,
566 1184 644 1237 quum
660 1182 761 1219 eausam
780 1164 814 1219 sit
832 1170 944 1229 aeturus,
957 1164 986 1218 in
997 1164 1087 1219 itinere

294 1250 339 1300 ant
356 1244 384 1298 in
401 1241 571 1298 ambulatione
588 1259 675 1296 seeum
693 1241 748 1311 ipse
764 1240 910 1306 meditetur,
923 1247 969 1295 aut
987 1241 1010 1295 si
1028 1238 1087 1312 quid

294 1320 363 1376 aliud
375 1318 498 1374 attentius
511 1317 614 1389 eogitet,
625 1336 677 1371 non
688 1317 902 1388 reprehendatur:
921 1321 948 1370 at
962 1317 1011 1372 hoe
1022 1316 1086 1371 idem

295 1399 356 1455 siin
372 1397 486 1453 eonvivio
503 1396 586 1463 faeiat,
598 1395 751 1449 inhumanus
767 1394 890 1459 videatur,
908 1393 1013 1449 inscitia
1027 1398 1089 1449 tem·

243 1475 372 1546 imperis.
409 1474 460 1529 Sed
471 1491 510 1537 ea,
522 1491 578 1544 quae
593 1471 702 1526 multum
714 1470 746 1527 ab
762 1471 920 1525 humanitate
935 1471 1088 1542 discrepant,

295 1555 326 1606 ut
338 1551 360 1605 si
372 1551 428 1620 quis
440 1550 468 1604 in
479 1549 535 1604 foro
547 1552 641 1613 cantet,
655 1552 700 1602 ant
712 1548 733 1602 si
746 1553 848 1619 quaest
860 1547 909 1602 alia
924 1565 1019 1618 magna
1034 1565 1090 1619 per·

296 1626 411 1690 versitas,
421 1624 494 1678 faeile
506 1628 636 1694 apparent,
646 1641 693 1678 nee
705 1642 797 1695 magno
805 1642 881 1694 opere
893 1623 1091 1680 admonitionem

297 1706 324 1757 et
342 1706 468 1771 precepta
487 1698 638 1754 desiderant.
681 1700 747 1758 Qua
768 1707 851 1755 autem
874 1719 952 1770 parva
971 1701 1091 1756 videnlur

297 1795 353 1837 esse
365 1775 457 1830 delleta
473 1793 555 1846 neque
568 1775 682 1830 amullis
698 1776 806 1847 intelligi
824 1781 939 1847 possunt,
953 1777 985 1832 ab
1002 1778 1035 1833 iis
1052 1780 1091 1832 est

298 1851 445 1924 diligentius
457 1852 640 1907 declinandum.
669 1854 744 1908 Utin
756 1854 848 1909 tidibus
860 1863 905 1908 aut
917 1854 995 1920 tibiis,
1007 1873 1092 1926 quam-

298 1931 337 1988 vis
350 1929 461 2000 paullum
477 1929 628 2000 discrepent,
641 1933 729 1984 tamen
746 1930 799 1984 ida
814 1930 910 1985 seiente
925 1929 1093 1986 animadverti

299 2007 379 2063 solet:
399 2006 436 2062 sie
447 2006 582 2062 videndum
595 2013 635 2062 est
647 2008 674 2061 in
683 2010 743 2072 vila,
753 2025 785 2061 ne
797 2007 864 2062 forte
876 2007 936 2078 quid
949 2007 1092 2079 discrepem

301 2084 341 2140 vel
356 2084 437 2139 multo
453 2084 529 2138 etiam
545 2083 699 2154 magisque
715 2083 795 2155 major
810 2089 837 2139 et
853 2085 941 2139 mehor
955 2085 1092 2150 actionum,

301 2181 376 2233 quam
386 2179 504 2216 sonorum
518 2165 655 2216 concentus
667 2165 715 2215 est.

249 2243 294 2291 146
337 2238 409 2292 XLI.
430 2240 528 2308 Itaque,
542 2239 610 2292 utin
628 2237 719 2292 fidibus
738 2237 892 2292 musicorum
904 2255 978 2291 aures
994 2237 1036 2293 vel
1048 2237 1092 2292 mi·

301 2313 370 2367 nima
390 2314 520 2367 sentiunt:
548 2313 585 2368 sie
608 2331 663 2378 nos,
685 2314 707 2366 si
731 2331 801 2367 aeres
825 2331 855 2369 ae
878 2312 1014 2383 diligentes
1038 2329 1093 2368 esse

302 2387 418 2445 volumus
436 2387 650 2443 animadversores
668 2389 795 2457 vitiorum,
812 2407 904 2458 magna
919 2407 986 2459 saepe
1001 2389 1094 2444 intelli·

302 2481 391 2535 gemus
403 2481 435 2516 ex
451 2464 543 2533 parvis.
585 2464 620 2518 El
634 2464 764 2520 oculorum
782 2465 883 2530 obtutu,
899 2484 930 2520 ex
948 2467 1094 2536 supercilio-

302 2558 359 2594 rum
378 2544 422 2592 aut
443 2539 589 2594 remissione
607 2544 653 2595 aut
670 2542 850 2608 contractione,
868 2561 900 2597 ex
917 2543 1045 2607 mestitia,
1064 2559 1095 2597 ex

304 2614 439 2679 hilaritate,
451 2634 483 2671 ex
494 2616 555 2681 risu,
566 2633 598 2670 ex
611 2616 745 2683 locutione,
755 2637 787 2673 ex
799 2619 939 2683 reticentia,
947 2637 979 2674 ex
992 2625 1095 2674 eonten-

303 2693 373 2748 tione
389 2692 459 2747 voois
474 2695 500 2747 et
518 2691 694 2755 submissione.
713 2713 745 2748 ex
762 2695 854 2750 esteris
873 2695 1004 2760 similibus,
1024 2695 1096 2750 lneile

301 2767 479 2836 judieabimus,
493 2767 555 2840 quid
569 2786 658 2823 eorum
670 2776 730 2841 apte
745 2771 798 2836 liat,
811 2770 873 2842 quid
884 2770 916 2825 ab
932 2771 1013 2826 offieio
1025 2776 1097 2826 natu·

304 2861 382 2914 reque
394 2844 528 2916 discrepet.
565 2844 625 2904 Quo
637 2845 665 2901 in
678 2865 771 2918 genere
782 2865 833 2902 non
850 2851 890 2902 est
902 2848 1097 2911 incommodum,

305 2920 379 2990 quale
397 2921 507 2993 quidque
524 2938 611 2976 eorum
629 2922 671 2988 sit,
690 2942 722 2978 ex
740 2924 796 2979 aliis
811 2922 933 2993 judicare,
946 2926 983 2988 ut,
996 2921 1019 2976 si
1037 2923 1099 2994 quid

306 2994 426 3052 dedeeeat
446 2998 474 3054 in
490 2997 548 3064 illis,
566 2998 676 3055 vitemus
697 2999 754 3071 ipsi.
790 2999 833 3055 Fit
850 3001 925 3065 enim,
944 3005 1099 3071 nescioquo
