2575 3367
445 322 513 373 LIB.
532 323 569 372 11.
587 323 662 372 csl’.
683 325 722 382 1³,
740 326 776 373 14.
980 326 1012 378 79

216 424 284 481 detio
296 424 466 496 prohoisoitur
477 443 495 479 a
507 425 631 481 mamm
645 443 706 480 eom
722 425 817 498 ps’etou
837 427 868 481 in
882 437 1011 497 parente,

216 511 272 556 tom
288 503 322 556 ἐπ
338 520 399 557 suos
416 502 594 556 &molestie
629 502 758 557 Facillime
775 508 869 568 eutem,
882 509 909 558 et
925 503 951 558 in
967 522 1011 572 op

216 578 303 632 timum
315 583 415 649 portem
427 583 616 650 eognosountur
629 579 803 646 αᾰοῐεωεπεεε,
814 581 899 651 quise
908 579 946 632 ad
958 583 1011 634 elo-

217 671 257 708 nos
267 665 291 709 et
302 656 432 726 sapim
446 657 525 719 sim,
536 654 597 709 dem
613 655 770 710 eomlenus
784 655 940 727 nipsdtieoe,
951 673 1011 710 eou-

216 733 353 786 tulmmt:
381 730 532 803 quibuscum
556 731 579 786 si
603 731 750 802 trequentes
773 735 842 797 sunt,
866 732 1009 802 opinionem

216 807 327 862 ederunt
338 807 440 878 populo,
451 825 539 863 eorum
550 807 606 862 foro
617 825 645 862 se
657 807 759 873 similes,
772 826 836 879 quos
848 808 897 863 sihi
908 809 957 879 ipsi
969 807 1011 862 de-

215 881 325 956 legerint
344 883 377 939 ed
396 884 555 940 imitandum.
602 885 633 938 P.
648 884 740 939 Rutilii
762 884 956 940 adnleseentieiu
978 884 1051 946 adt?

216 960 361 1031 opinionem
380 964 409 1016 et
428 960 586 1024 innoeentim,
611 964 638 1015 et
659 959 725 1030 juris
745 961 866 1030 spientim,
886 962 916 1016 P.
928 961 1011 1017 Mnoii

215 1037 401 1093 sommenduvit
419 1037 518 1093 domm.
553 1037 620 1091 Nom
637 1036 779 1109 liquidem
798 1039 912 1103 Ormsns,
931 1057 1010 1110 quum

215 1117 283 1168 esset
301 1113 437 1170 admodum
455 1113 609 1178 odolesoens,
625 1131 678 1168 non
695 1113 796 1169 dimne
813 1120 946 1170 mutuatus
962 1121 1010 1182 est,

215 1189 260 1244 sed
275 1189 326 1246 sibi
344 1190 400 1261 ipse
417 1191 515 1261 peperit
532 1190 669 1244 maximnm
686 1189 786 1244 laudem
802 1208 836 1246 ex
851 1190 895 1245 illu
908 1209 1011 1246 eoeusu·

215 1267 285 1321 tione
296 1265 376 1321 nobili
387 1270 414 1322 et
425 1267 543 1338 gloriose
578 1266 622 1331 Et,
635 1284 687 1337 que
701 1271 778 1321 setste
790 1267 834 1338 qui
849 1275 1009 1334 exornentur,

214 1343 289 1398 leude
301 1343 367 1398 affini
378 1343 468 1411 solent,
479 1347 510 1398 ut
522 1342 721 1398 Demosthenem
733 1343 882 1413 eooepimns,
892 1361 924 1398 eo
934 1349 1010 1399 mtute

213 1420 246 1475 L.
259 1420 370 1476 Crassus
386 1421 507 1485 ostendit,
526 1419 552 1474 id
573 1438 601 1474 se
618 1420 646 1474 in
663 1419 719 1473 loro
736 1419 832 1489 optime
845 1422 900 1489 jem
917 1420 1010 1486 iuoero,

213 1496 372 1568 quodetiam
385 1501 440 1552 tum
452 1500 554 1568 poteret
565 1495 634 1550 domi
645 1514 704 1551 oum
714 1495 789 1551 leude
802 1496 925 1552 meditati.

249 1573 327 1629 XIV.
345 1573 396 1629 Sed
407 1592 485 1646 quum
502 1571 596 1643 duplex
612 1572 680 1628 retio
698 1572 733 1627 sit
750 1575 885 1641 orationis,
902 1587 1049 1644 quurnmst

213 1650 241 1705 in
256 1650 340 1705 altere
356 1667 437 1705 sermo
455 1649 499 1718 sit,
511 1650 538 1704 in
555 1648 636 1703 ultore
651 1650 787 1718 molestie,
798 1667 850 1705 non
866 1654 906 1705 est
917 1650 944 1707 id
956 1653 1010 1724 qui·

214 1726 273 1782 dem
295 1726 408 1792 dubium,
429 1726 492 1798 quin
512 1726 643 1782 eontentio
666 1726 788 1781 orationis
812 1730 932 1797 majorem
958 1731 1008 1783 vim

214 1803 309 1860 hebent
321 1802 354 1859 ed
362 1802 476 1875 glorium,
488 1807 531 1871 (ee
541 1808 581 1858 est
590 1803 666 1870 enim,
678 1821 753 1874 quem
765 1804 936 1874 elopoesuinm
947 1805 1010 1860 diei-

214 1879 376 1949 mns,)-sed
393 1883 479 1935 tumen
490 1879 589 1934 diffieile
601 1879 672 1934 dictu
690 1883 737 1944 est,
751 1885 846 1950 quanto
862 1897 938 1948 opere
949 1898 1010 1935 oon-

213 1957 285 2012 eiliet
297 1956 394 2011 animos
406 1956 536 2011 hominum
547 1957 656 2010 comitas
670 1957 862 2027 affabilitasque
872 1958 1006 2012 momnis.

213 2033 327 2090 Exstant
342 2032 464 2101 epistolas
477 2036 504 2087 et
522 2031 633 2102 Philippi
649 2032 682 2087 ed
699 2030 879 2094 Alexandnim,
891 2036 918 2085 et
935 2033 1009 2087 Anti-

213 2107 327 2181 petriad
340 2107 516 2173 (tessandrum,
529 2113 556 2163 et
574 2107 699 2178 Antigoni
715 2106 748 2162 ed
759 2106 906 2177 Philippum
919 2107 1008 2175 fllium,

213 2186 294 2242 trium
311 2185 573 2255 prudentissimomm,
591 2183 640 2252 (sio
657 2185 724 2239 enim
740 2184 903 2254 sooepimus,)
916 2185 1009 2256 quibus

213 2263 374 2335 praeoipiunt,
393 2271 423 2316 ut
443 2262 561 2315 oratione
576 2261 689 2331 densique
706 2261 890 2315 multandis&
905 2265 1009 2318 aninmo

213 2340 251 2394 ud
270 2339 470 2393 benevolentium
487 2338 618 2403 alliciunt,
638 2336 784 2407 militesque
807 2337 900 2393 Mende
919 2343 1009 2411 appel·

214 2415 296 2470 hudo
307 2415 447 2469 dekninot.
482 2415 545 2479 Qum
556 2418 642 2467 eutem
658 2412 686 2466 in
701 2413 863 2469 multitudine
875 2433 932 2470 eum
948 2436 1008 2470 eon·

213 2492 329 2546 tentione
351 2490 459 2546 hebetur
481 2490 570 2554 oratio,
595 2506 627 2542 es
649 2506 717 2559 sepe
739 2490 881 2545 universam
905 2492 1008 2547 excitet.

214 2567 313 2638 Magne
335 2571 376 2622 est
399 2567 466 2622 enim
489 2565 625 2621 admiratio
647 2565 749 2635 copiose
772 2567 949 2637 sapienterque
972 2568 1008 2622 di·
1081 2575 1083 2578 ’

214 2644 313 2699 nentis:
332 2662 408 2715 quem
425 2642 470 2715 qui
489 2642 604 2709 audiunt,
622 2640 764 2712 intelligere
781 2642 858 2696 etism
875 2648 902 2696 et
920 2661 1008 2713 sepere

214 2721 280 2791 plus,
292 2739 369 2792 quem
380 2726 486 2785 eeteros,
502 2718 667 2774 arbitrentur.
703 2718 732 2772 Si
748 2735 809 2772 vero
826 2719 893 2772 inest
910 2718 937 2772 in
952 2737 1008 2773 oru-

216 2798 285 2853 tione
300 2797 382 2851 mixta
398 2796 528 2851 modestioe
546 2794 667 2864 gravitas,
684 2792 747 2848 nihil
765 2793 935 2848 admirabilius
954 2797 1008 2851 fieri

215 2879 316 2944 potest;
334 2891 416 2947 eoque
433 2872 522 2943 magis,
535 2872 558 2926 si
574 2888 606 2926 eo
622 2874 684 2925 sunt
700 2870 729 2925 in
745 2869 912 2926 odoleseente.
948 2873 1048 2939 Sedst
