2575 3367
493 312 562 363 LlB.
581 313 602 363 Ι.
620 312 695 361 ΟΑΡ.
713 315 753 363 2⁸.
988 311 1020 366 87

223 441 286 488 mus,
301 442 380 494 quum
395 421 430 488 id,
443 423 510 495 quod
529 442 629 496 quoque
644 441 753 494 persona
768 422 875 492 dignum
892 427 940 493 est,
952 427 978 480 ct
992 425 1021 481 lit

181 508 182 513 ’
220 500 361 555 etdicitur.
396 501 443 565 Ut,
457 501 642 556 siAEaousaut
655 501 742 555 Minos
754 499 862 565 diceret,

251 645 264 696 t
342 580 457 638 ‘Oderint
467 585 522 629 dum
532 583 654 631 mttucntr

217 657 251 695 au
263 681 272 711 ,

335 734 381 749 -
388 734 435 749 -
443 711 505 758 nans
515 711 620 771 sepulcro
629 710 678 770 ipse
688 710 723 757 tet
732 724 829 770 parens:

217 787 365 846 indecorum
380 790 517 856 videretur,
530 790 599 862 quod
610 808 655 846 eos
667 790 747 845 luisse
759 793 846 860 justos
859 789 1017 860 accepimus:

217 870 251 932 at,
265 867 348 922 Atreo
365 866 474 931 dicente,
489 866 593 936 plausus
609 867 772 923 excitantur:
798 871 839 922 cst
856 866 923 921 enim
941 865 1019 937 digua

216 960 326 1013 persona
342 944 433 998 oratio.
469 942 520 998 Sed
537 948 628 1015 poetae,
647 942 708 1014 quid
726 961 853 1014 quemquo
870 942 966 1009 deceat,
985 960 1017 999 ex

217 1036 329 1090 persons
348 1018 511 1090 judicabunt,
535 1019 609 1076 nobis
629 1024 716 1075 nutem
739 1037 872 1091 personam
895 1019 1017 1091 imposuit

217 1095 272 1166 ipss
287 1100 388 1161 notura,
402 1115 494 1169 magna
508 1114 566 1153 eum
582 1095 735 1152 excellentia
749 1095 946 1167 praestantiaque
963 1096 1017 1152 ani·
1032 1123 1035 1133 ν
1065 1121 1071 1129 ·

218 1172 342 1228 uiantium
353 1173 515 1245 reliquarum.
551 1172 676 1240 Quocirca
687 1175 771 1243 poetic
789 1172 816 1227 in
833 1190 926 1243 magna
937 1173 1016 1228 varie·
1028 1181 1060 1229 98

216 1251 272 1304 tate
289 1267 453 1320 personarum
471 1249 556 1314 etiam,
569 1249 669 1305 vitiosis
685 1247 747 1319 quid
764 1248 899 1303 eonseniat
916 1249 1017 1319 etquid

220 1324 317 1391 deceat,
330 1325 469 1393 videbuut;
494 1326 568 1383 nobis
580 1329 667 1382 auteur
680 1342 757 1395 quum
771 1328 890 1379 enatura
900 1330 1018 1381 constan-

219 1401 269 1468 tim,
282 1401 472 1468 moderationis,
485 1402 668 1473 temperantiae,
681 1399 838 1457 verecundie
855 1404 939 1471 partes
951 1401 1018 1459 date

219 1477 277 1544 sint,
289 1497 419 1550 quumque
427 1478 514 1535 eedem
521 1479 718 1544 uaturadooeat,
728 1495 780 1532 non
786 1477 922 1549 negligere,
931 1497 1018 1550 quem·

219 1553 353 1610 admodum
370 1573 417 1611 nos
433 1555 555 1612 adversus
572 1555 687 1612 homines
705 1572 839 1627 geramum
857 1555 972 1621 efficitur,
985 1561 1016 1612 ut

219 1633 247 1685 et
258 1629 329 1696 illud,
343 1633 412 1701 quod
424 1632 455 1687 ad
467 1650 567 1687 omnem
579 1632 739 1687 honestatem
756 1634 874 1704 pertinet,
887 1632 1014 1700 decorum,

218 1724 295 1777 quam
305 1706 359 1761 late
370 1707 455 1762 lusum
465 1707 510 1774 sit,
527 1711 664 1779 appareat;
688 1712 715 1764 ot
727 1709 783 1774 boc,
801 1707 869 1780 quod
884 1713 1015 1778 spectatur
1064 1737 1066 1741 ·

218 1781 246 1837 in
263 1800 316 1838 uno
335 1800 437 1855 quoquc
454 1803 547 1855 genere
566 1784 678 1840 virtutis
712 1785 752 1840 Ut
768 1786 834 1841 enim
851 1784 1014 1854 pulchritudo

218 1860 332 1930 corporis
344 1863 405 1929 apta
415 1860 597 1931 compositione
608 1862 779 1917 membrorum
790 1864 875 1916 movet
887 1861 973 1916 oculos
985 1864 1013 1918 et

216 1935 328 1992 delectat
340 1937 389 1992 hoc
399 1937 462 2008 ipso,
476 1936 545 2009 quod
560 1937 628 1992 inter
640 1955 668 1993 sc
679 1955 767 1993 omnes
786 1940 870 2007 partes
882 1954 939 1992 cum
951 1955 1015 2007 quo-

219 2012 275 2067 dam
288 2012 374 2084 lepore
386 2015 564 2069 consentiunt:
590 2014 628 2071 sio
643 2013 693 2069 boo
708 2014 835 2077 decorum,
849 2012 917 2083 quod
930 2012 1014 2071 clucet

217 2088 246 2144 in
257 2089 318 2156 vita,
328 2094 414 2146 movet
425 2090 631 2160 approbationem
643 2109 738 2155 corum,
748 2087 901 2160 quibuscum
910 2088 1013 2158 vivitur,

216 2165 308 2221 ordine
324 2170 351 2221 et
367 2168 516 2232 coustantio,
534 2171 561 2222 et
573 2166 747 2227 moderatione
759 2165 885 2221 diotormn
900 2166 1012 2225 omnium

217 2248 295 2315 atque
311 2243 445 2299 factorum.
480 2244 631 2301 Adhibenda
651 2250 692 2301 est
710 2244 791 2315 igitur
809 2243 921 2315 quaedsm
941 2263 1013 2302 reve.
1024 2249 1056 2297 99

217 2321 302 2376 rentia
314 2319 435 2385 edversus
447 2321 569 2389 homines,
581 2325 608 2377 ot
624 2322 715 2392 optimi
726 2321 850 2392 curjusquo
865 2324 892 2376 et
904 2321 1012 2393 reliquo·

217 2414 281 2452 rum.
317 2397 386 2452 Nam
402 2397 539 2469 negligere,
552 2397 613 2468 quid
629 2397 661 2453 do
678 2416 707 2453 so
724 2398 830 2469 quisquc
846 2397 947 2462 sentiat,
960 2416 1012 2454 non

217 2474 299 2529 solam
311 2474 453 2545 arrogantis
465 2477 512 2540 eet,
526 2474 572 2530 ssd
584 2474 686 2546 [etiam]
698 2474 801 2530 omniuo
812 2472 939 2529 dissoluti.
962 2475 1011 2528 Est

217 2554 303 2606 autem
316 2549 385 2622 quod
396 2550 496 2606 differat
513 2552 541 2606 ia
551 2551 682 2607 bominum
699 2551 797 2606 ratione
812 2548 928 2605 habenda
944 2549 1012 2604 iuter

215 2628 343 2698 justitiam
364 2630 391 2683 et
411 2629 596 2685 verecundiam.
631 2629 745 2684 Justitiae
766 2637 851 2697 partes
872 2629 940 2690 sunt,
960 2643 1012 2680 non

216 2705 311 2760 violare
329 2704 460 2761 homines:
485 2705 650 2770 verecundiae,
669 2723 722 2761 non
742 2703 885 2759 offendere:
912 2701 940 2755 in
960 2719 1011 2773 quc

216 2782 325 2837 maxime
346 2782 501 2852 perspicitur
521 2783 559 2837 vis
581 2782 674 2836 decori.
709 2781 761 2835 His
780 2779 859 2849 igitur
879 2779 1010 2848 expositis,
1062 2805 1065 2811 ·

217 2848 337 2930 qualc'sit
349 2857 384 2924 id,
397 2859 465 2930 quod
473 2857 562 2915 dooere
575 2857 689 2923 dicimus,
702 2856 857 2912 intellectum
871 2859 941 2925 puto.
