2575 3367
500 314 568 363 LlB.
586 314 607 364 Ι.
625 315 699 363 CAP.
717 318 756 366 41.
993 319 1025 366 bd

232 413 316 478 modo,
334 416 366 467 ut
383 413 464 484 magis
482 413 508 468 in
527 413 582 468 aliis
599 432 740 479 cernamus,
753 433 828 486 quum
845 415 872 469 in
887 415 1025 471 nobismet·

231 490 302 561 ipsis,
315 490 338 544 si
350 490 411 559 quid
423 490 585 560 delinquitur.
621 492 713 562 Itaque
729 491 846 546 facillime
862 493 1025 564 corriguntur

230 567 257 620 in
271 566 401 631 discendo,
414 585 521 636 quorum
539 565 602 620 vitia
618 567 760 631 imitantur,
776 567 925 623 emendandi
940 587 1024 637 causa,

230 643 357 713 magistri.
393 643 450 697 Nec
465 661 526 697 vero
542 643 651 697 alienum
669 650 716 708 est,
730 644 761 698 ad
779 662 810 698 ea
827 644 950 716 eligenda,
968 660 1079 716 quala?

229 719 416 774 dubitationem
425 720 541 786 affemnt,
549 720 667 774 adhibere
676 719 764 775 doctos
773 720 887 776 homiues
896 722 936 776 vel
948 723 1023 777 etiam

230 814 281 850 usu
291 797 394 865 peritos,
407 803 441 861 et,
452 796 513 867 quid
525 796 556 851 de
566 814 666 868 quoque
678 797 753 851 officii
764 815 857 867 genere
865 798 970 868 placeat,
983 818 1025 853 ex·

229 873 340 942 quirere.
376 873 462 943 Major
479 872 546 928 enim
561 890 620 942 pars
633 891 664 928 eo
682 874 735 927 sere
753 873 845 928 deferri
861 876 933 940 solet,
947 895 1025 946 quoa

228 954 325 1003 natura
343 949 399 1018 ipsa
417 948 560 1004 deducitur.
596 951 628 1003 In
645 949 737 1020 quibus
754 949 890 1005 ridendum
908 957 954 1017 eat,
973 971 1025 1008 non

228 1025 314 1091 modo,
333 1026 394 1097 quid
411 1026 518 1097 quisque
535 1025 663 1095 loquatur,
678 1026 723 1080 sed
740 1026 824 1094 etiam,
839 1027 899 1099 quid
918 1030 1024 1100 quisque

228 1103 334 1169 sentiat,
346 1106 423 1172 atque
434 1104 518 1167 etiam,
532 1101 625 1173 quade
641 1120 718 1156 causa
729 1103 835 1174 quisque
848 1105 949 1160 sentiat.
989 1108 1024 1162 Ut

228 1179 298 1234 enim
311 1179 421 1249 pictores
433 1179 497 1244 etii,
512 1179 556 1249 qui
567 1179 640 1249 signa
657 1178 819 1245 fabricantur,
833 1184 859 1235 et
875 1199 935 1236 vero
947 1183 1023 1238 ctiam

228 1260 321 1326 poete,
335 1273 409 1309 suum
422 1255 528 1327 quisque
546 1273 610 1325 opus
622 1273 638 1308 a
649 1255 726 1325 vulgo
742 1256 895 1311 considerari
910 1258 973 1323 vult,
986 1263 1024 1325 ut,

227 1333 251 1387 si
265 1331 328 1402 quid
339 1332 519 1402 reprehensum
529 1331 563 1385 sit
575 1348 591 1384 a
602 1330 725 1400 pluribus,
734 1330 760 1385 id
772 1332 913 1403 corrigatur
923 1353 931 1396 ;
948 1334 1024 1404 hique

227 1414 256 1464 et
270 1427 357 1462 secum
375 1413 402 1463 et
420 1426 478 1462 eum
494 1408 557 1472 aliis,
570 1407 632 1478 quid
648 1406 674 1461 in
686 1425 717 1461 eo
732 1413 865 1478 peccatum
882 1409 923 1473 sit,
937 1412 1025 1480 enqui-

227 1489 307 1539 runt:
326 1484 364 1539 sic
375 1484 481 1539 aliorum
493 1483 590 1554 judicio
602 1484 728 1554 permulta
744 1483 817 1538 nobis
829 1489 856 1539 et
872 1484 986 1541 iacienda
997 1492 1024 1542 et

226 1561 416 1627 nonfacienda,
429 1565 456 1615 et
466 1560 589 1634 mutanda
597 1565 624 1615 et
633 1561 781 1631 corrigenda
793 1565 861 1616 sunt.
886 1563 952 1622 Qua
964 1576 1078 1622 ver0148

227 1657 300 1693 more
313 1641 422 1709 agentur
430 1637 606 1709 institutisque
617 1637 740 1702 civilibus,
751 1638 782 1692 de
794 1638 825 1692 iis
837 1639 899 1693 nihil
909 1646 948 1694 est
960 1660 1024 1710 prae·

226 1714 381 1786 cipiendnm.
418 1715 466 1768 Illa
476 1714 543 1768 enim
555 1714 611 1784 ipsa
626 1719 753 1785 praecepta
764 1719 832 1770 snut.
867 1716 924 1771 Nec
937 1735 1023 1786 quem·

227 1810 305 1861 quam
318 1792 367 1846 hoc
381 1808 466 1845 errore
482 1789 541 1845 duci
556 1794 666 1860 oportet,
678 1795 715 1857 nt,
728 1791 751 1844 si
766 1791 829 1860 quid
846 1792 963 1847 Socrates
978 1797 1023 1846 aut

225 1869 377 1937 Aristippus
385 1871 474 1922 contra
482 1866 843 1937 moremconsuetudinemque
851 1868 949 1923 civilem
957 1869 1024 1922 fece-

226 1945 281 1999 rint
297 1944 409 1998 locutive
425 1944 484 2009 sint,
497 1942 563 1997 idem
581 1942 629 1998 sibi
647 1942 785 1998 arbitretur
801 1944 884 1998 licere.
921 1945 1023 2014 Magnis

225 2020 265 2075 illi
277 2025 304 2076 et
317 2020 408 2075 divinis
421 2019 493 2074 bonis
504 2020 569 2074 hanc
580 2019 706 2074 licentiam
717 2019 922 2090 assequebantur.
948 2021 1024 2091 Cyni-

226 2116 318 2153 corum
332 2115 392 2152 vero
407 2096 473 2150 ratio
489 2101 545 2151 tota
562 2099 601 2151 est
619 2096 755 2166 ejicienda:
781 2101 821 2150 est
839 2097 905 2150 enim
923 2097 1024 2151 inimica

226 2173 395 2242 verecundia,
419 2173 473 2228 sine
497 2190 548 2244 qua
570 2172 633 2226 nihil
654 2177 750 2227 rectum
771 2191 826 2226 esse
846 2177 939 2243 potest,
960 2174 1023 2228 nibil

225 2252 372 2306 honestum.
409 2251 461 2304 Eos
473 2253 566 2314 autem,
580 2267 687 2320 quorum
699 2249 753 2302 vita
764 2254 897 2321 perspecta
908 2250 935 2305 in
946 2251 1022 2306 rebus
1031 2261 1077 2307 149

225 2327 343 2384 honestis
356 2332 432 2397 atque
445 2327 542 2396 magnis
555 2332 602 2390 est,
616 2326 679 2380 bene
692 2326 723 2379 de
734 2325 864 2395 republica
875 2329 1021 2396 sentientes,

225 2425 256 2461 ac
267 2405 335 2459 bene
347 2404 459 2467 meritos,
473 2409 517 2456 aut
530 2409 663 2469 merentes,
676 2403 719 2466 sic,
732 2407 763 2456 ut
775 2403 858 2473 aliquo
870 2405 965 2459 honore
977 2411 1022 2458 aut

226 2481 334 2553 imperio
347 2480 459 2544 affectos,
473 2480 606 2533 observem
617 2483 644 2533 et
661 2480 742 2534 colere
755 2479 891 2546 debemus;
909 2481 1022 2534 tribuere

225 2559 303 2614 etiarn
323 2556 433 2610 multum
451 2556 592 2610 senectuti:
618 2554 707 2610 cedere
726 2556 765 2623 iis,
783 2557 827 2626 qui
844 2557 1020 2626 magistratum

227 2635 376 2691 habebunt:
394 2632 488 2687 habere
500 2633 625 2687 delectum
639 2633 701 2686 civis
714 2636 740 2686 et
756 2632 899 2703 peregrini:
917 2631 944 2684 iu
955 2631 1021 2700 ipso-

225 2730 276 2784 que
287 2710 432 2782 peregrino,
445 2709 595 2779 privatimne
611 2727 644 2762 an
661 2709 761 2780 publice
777 2707 892 2772 venerit;
911 2705 942 2759 ad
955 2725 1021 2759 sum-

226 2807 302 2854 mam
322 2805 355 2843 ne
373 2805 448 2857 egem
466 2785 497 2840 de
515 2785 629 2856 singulis,
648 2803 805 2840 communem
823 2783 903 2838 totius
921 2784 1021 2853 generis
