2575 3367
266 314 297 361 dtr
587 311 722 360 LAELlUS

264 421 385 487 invenias,
405 419 448 492 qui
467 421 588 475 honorem
610 421 684 476 amici
704 424 841 492 anteponet
865 423 933 476 suot
971 422 1055 488 Quint

264 498 318 552 haec
330 502 360 552 ut
375 497 499 563 omittam,
512 514 586 567 quam
603 515 701 567 graves,
715 515 789 568 quam
802 498 915 552 difficiles
931 497 1055 569 plerisque

265 573 383 628 videntur
395 573 564 628 calamitatum
577 573 730 630 societates!
750 573 783 628 ad
794 591 856 642 quas
869 582 974 627 nonest
987 574 1056 630 facila

265 648 371 704 inventu
383 649 427 720 qui
439 647 581 704 descendat.
618 649 777 719 Quamquam
789 649 888 702 Ilnnius
901 654 987 704 reete:

410 732 506 777 Amicus
516 736 593 776 certus
601 730 627 776 in
638 745 664 777 re
672 733 763 777 incerta
771 731 887 777 cernitur:

266 807 351 857 tamen
367 803 421 858 hec
436 801 487 857 duo
503 802 614 857 levitatis
632 807 659 858 et
677 803 831 857 infirmitatis
849 803 985 874 plerosque
1000 822 1056 858 con·

266 879 378 943 vineunt,
391 882 436 932 aut
452 877 513 932 siin
527 877 600 934 benis
612 878 688 934 rebus
703 883 877 943 mntemnunt
890 879 976 932 autin
988 878 1057 933 malis

266 954 394 1009 deserunt.

301 1029 405 1084 XVIII.
425 1029 478 1088 Qui
487 1030 567 1100 igitur
575 1032 684 1101 utraque
695 1030 722 1084 in
734 1048 762 1085 re
770 1048 881 1101 gravem,
891 1033 1057 1094 constantem,

266 1105 382 1160 stabilem
394 1124 422 1160 se
433 1106 461 1160 in
472 1106 582 1160 amicitia
593 1106 750 1176 prestiterit,
760 1107 828 1161 hune
837 1125 869 1162 ex
881 1107 991 1161 maxime
1003 1122 1057 1159 raro

266 1181 396 1235 hominum
421 1199 513 1252 genere
533 1181 647 1252 judicare
671 1181 792 1236 debemus
815 1186 843 1236 et
870 1200 942 1251 paene
967 1182 1056 1236 divine

226 1263 257 1309 65
267 1258 465 1312 Firmamentum
490 1262 575 1312 autem
599 1256 746 1311 stabilitatis
770 1258 971 1327 constantioeque
995 1260 1055 1328 ejus,

266 1351 340 1404 quam
365 1333 392 1388 in
415 1333 526 1388 amicitia
549 1333 692 1403 quaerimus,
717 1332 779 1388 fides
803 1336 852 1388 est.
895 1333 968 1387 Nihil
993 1334 1056 1387 enim

266 1410 356 1464 stabile
368 1413 416 1478 est,
429 1409 497 1480 quod
508 1409 621 1464 infidum.
659 1409 801 1478 Simplicem
818 1415 942 1479 praeterea
953 1414 980 1464 et
993 1428 1057 1465 com·

266 1504 368 1539 munem
385 1493 412 1540 et
430 1486 636 1548 consentientem,
657 1485 701 1555 qui
718 1484 794 1538 rebus
812 1485 900 1539 iisdem
920 1489 1057 1551 moveatur,

266 1562 325 1629 eligi
349 1578 394 1628 par
417 1565 476 1614 est:
508 1578 563 1629 quae
587 1561 671 1614 omnia
695 1561 823 1628 pertinent
846 1560 879 1615 ad
902 1560 1057 1616 fidelitatem.

267 1636 358 1706 Neque
375 1635 442 1688 enim
460 1634 538 1688 fidum
556 1639 641 1704 potest
659 1653 716 1690 esse
733 1634 866 1705 multiplex
884 1636 1014 1706 ingenium
1032 1643 1057 1690 et

266 1715 425 1776 tortuosum3
445 1728 526 1780 neque
539 1728 606 1773 vero,
619 1711 664 1780 qui
680 1729 731 1765 non
742 1710 836 1765 eisdem
849 1711 926 1765 rebus
942 1716 1058 1766 movetur

267 1793 293 1842 et
317 1793 408 1841 ustura
430 1786 564 1850 consentit,
589 1785 655 1840 fidus
679 1790 723 1840 aut
753 1785 851 1841 stabilis
880 1791 966 1856 potest
994 1805 1057 1842 esse.

267 1863 418 1917 Addendum
436 1862 523 1916 eodem
542 1865 588 1927 est,
602 1867 632 1915 ut
647 1880 680 1915 ne
697 1861 843 1916 criminibus
860 1866 905 1916 aut
921 1862 1057 1918 inferendis

267 1939 407 1993 delectetur
423 1941 467 1992 aut
484 1937 569 1992 credat
587 1936 694 1991 oblatis:
714 1937 866 2008 quaomnia
881 1939 1011 2008 pertinent
1027 1939 1058 1993 ad

267 2033 330 2078 eam,
356 2033 430 2085 quam
451 2013 599 2084 jamdudum
623 2017 715 2080 tracto,
739 2014 917 2068 constantiam.
964 2017 1007 2069 lta
1029 2009 1068 2069 fit'

268 2109 354 2144 verum
384 2089 454 2154 illud,
479 2089 547 2160 quod
570 2088 643 2143 initio
667 2088 727 2154 dixi,
752 2089 895 2155 amicitiam,
918 2090 969 2144 nisi
992 2091 1058 2145 inter

267 2164 354 2228 bonos,
379 2183 435 2220 esse
459 2183 511 2219 non
534 2182 616 2235 posse.
657 2164 706 2218 Est
729 2165 795 2218 enim
819 2164 879 2219 boni
902 2166 959 2231 viri,
985 2185 1057 2238 quem

268 2240 384 2294 eumdem
401 2241 540 2310 sapientem
556 2240 615 2294 licet
627 2239 718 2304 dicere,
731 2240 785 2294 haec
797 2240 848 2294 duo
859 2244 948 2296 tenere
960 2243 987 2296 in
998 2242 1057 2295 ami-

268 2316 341 2371 citia:
367 2316 483 2385 primum,
504 2335 535 2370 ne
557 2316 618 2386 quid
638 2317 725 2370 lictum
750 2317 784 2370 sit
808 2335 871 2371 neve
895 2318 1055 2382 simulat-um

268 2395 353 2462 aperte
365 2391 432 2444 enim
445 2391 484 2446 vel
500 2391 590 2456 odisse,
604 2392 684 2462 magis
700 2392 802 2461 ingenui
820 2397 867 2456 est,
882 2411 957 2463 quam
975 2394 1056 2447 fronte

268 2467 394 2522 occultare
418 2468 588 2521 sententiam:
615 2467 712 2530 deinde,
738 2486 789 2521 non
812 2468 893 2521 solum
918 2469 950 2523 ab
975 2470 1056 2539 aliquo

269 2545 356 2598 allatas
377 2544 562 2599 criminationes
584 2543 711 2613 repellere,
734 2543 831 2597 sedne
852 2545 936 2612 ipsum
957 2545 1055 2615 quidem

269 2639 323 2674 esse
336 2620 510 2690 suspiciosum,
520 2637 618 2688 semper
627 2619 721 2688 aliquid
733 2619 920 2673 existimantem
933 2621 965 2675 ab
978 2622 1056 2675 amieo

228 2701 259 2744 66
269 2714 324 2749 esse
340 2696 467 2750 violatum.
503 2694 614 2749 Accedat
631 2694 681 2747 lrue
697 2694 808 2747 suavitas
826 2695 939 2764 quasdam
957 2701 1056 2766 oportet

268 2790 411 2824 sermonum
429 2775 504 2841 atque
522 2789 627 2834 morum,
645 2769 837 2839 haudquaquam
856 2771 982 2826 mediocre
1000 2791 1056 2827 cou-

267 2847 408 2902 dimentum
431 2847 554 2901 amicitiae.
589 2845 705 2900 Tristitia
728 2851 813 2898 autem
837 2851 863 2899 et
888 2847 915 2900 in
939 2848 1008 2901 omni
1030 2864 1056 2901 rc
