2575 3367
258 309 305 357 114
542 303 591 351 DE
609 301 762 351 omens

256 421 300 483 rit,
313 419 410 472 rectum
422 419 462 473 est
473 433 526 471 non
537 415 627 470 licere:
645 433 722 487 quam
733 414 816 485 legem
824 413 900 472 talen

258 495 350 549 tissimi
368 493 491 560 eonsules,
504 494 610 548 Crassus
628 496 655 547 et
674 491 810 547 Scaeuola:¹
824 509 900 546 naun

258 570 392 641 prohibere
409 568 564 641 peregrinos,
582 587 642 624 sane
656 568 824 622 inhumanum
837 569 889 623 est.

260 647 335 712 clara,
347 647 375 702 in
387 645 478 717 quibus
489 644 596 715 publicae
607 643 728 699 utilitatis
739 643 838 713 speeies
854 660 900 713 pru

260 722 439 778 contemnitur.
473 720 553 776 Plena
564 719 737 791 exemplorum
748 722 789 773 est
800 722 891 773 nostra

261 817 340 869 quum
357 814 424 866 sape
442 795 511 862 alias,
528 799 586 849 tum
602 794 711 850 maxime
726 793 793 849 bello
808 793 900 849 Punic(

261 893 326 944 quse,
340 872 464 926 Cannensi
480 871 622 926 calamitate
638 874 750 940 accepta,
767 872 878 938 majores
896 889 900 922 r

261 949 325 1011 buit,
350 965 426 1018 quam
448 966 569 1017 umquam
592 946 669 1001 rebus
691 944 819 1002 mundis.
854 945 900 1000 Nu

262 1023 421 1094 significatio,
433 1023 503 1077 nulla
514 1023 609 1077 mentio
620 1021 698 1092 pacis.
732 1022 815 1077 lautu
831 1021 872 1075 vis
887 1039 900 1076 e

224 1109 255 1156 48
263 1105 292 1154 ut
305 1099 414 1169 speciem
425 1097 544 1153 utilitatis
557 1098 684 1152 obscuret.
719 1096 889 1151 Athenienses

263 1194 349 1231 sarum
366 1174 489 1245 impetum
506 1173 576 1228 nullo
593 1173 669 1229 modo
686 1176 791 1243 possent
811 1172 900 1227 sustin

263 1257 378 1326 reutque,
391 1261 428 1319 ut,
439 1251 502 1305 urbe
518 1252 614 1317 relicta,
626 1250 779 1320 conjuratus
794 1259 818 1303 et
834 1249 899 1303 liber

265 1329 393 1400 depositis,
417 1345 495 1382 neree
517 1325 716 1393 conscenderem,
737 1324 900 1397 lr'lertctemqu

253 1405 342 1459 ⁴clame
353 1403 520 1475 defenderem,
533 1401 659 1472 Cyrsilum
672 1401 804 1473 quemdam
815 1401 900 1457 sunder

265 1481 327 1534 urbe
338 1488 471 1533 nmraerent
487 1479 648 1549 Xerxemque
665 1481 810 1547 reciperent,
824 1477 900 1549 lapidi

266 1557 381 1607 ruenmt.
416 1556 503 1622 Atque
515 1553 556 1607 ille
568 1553 706 1609 utilitatem
718 1552 791 1624 sequi
801 1553 900 1611 ridebat

228 1631 258 1678 49
266 1628 336 1682 nulla
355 1631 418 1693 erat,
440 1638 598 1700 repugnante
617 1629 761 1685 honestate.
795 1630 899 1685 Themis

267 1704 397 1760 victoriam
410 1708 466 1775 ejus
478 1705 544 1772 belli,
557 1705 626 1775 quod
636 1723 696 1760 eum
706 1704 793 1761 Persis
807 1706 866 1771 init,
879 1705 900 1761 di

268 1782 346 1846 cioue,
360 1781 393 1835 Se
409 1780 498 1834 lutere
515 1782 657 1835 cumdium
673 1781 818 1852 reipublice
829 1782 900 1837 salut

268 1862 330 1913 sciri
350 1875 404 1912 non
424 1875 489 1928 opus
509 1875 577 1911 esse:
601 1858 748 1927 postulavit,
766 1863 798 1911 ut
814 1860 900 1928 alioue

269 1935 348 2000 derret,
373 1936 478 2004 quicum
500 1935 708 1987 communicaret.
750 1933 834 1991 Datus
857 1937 898 1988 est

270 2011 340 2065 Huic
355 2009 405 2076 ille,
419 2008 530 2064 Classem
542 2007 802 2076 lacedemoniorum,
814 2027 872 2079 quae
887 2027 900 2062 a

269 2095 304 2139 set
315 2087 351 2138 ad
364 2085 499 2156 Gytheum,
512 2084 697 2138 deminuendi
710 2101 800 2153 poem
819 2088 900 2154 qnmjt

271 2161 525 2213 lacedemoniorum
545 2176 601 2228 opes
621 2177 714 2212 necesse
733 2169 800 2213 esset.
837 2161 900 2224 Quor

272 2251 350 2303 quum
363 2234 482 2300 audisset,
494 2235 522 2289 in
538 2234 682 2289 concionem
696 2253 788 2306 magua
802 2239 900 2306 expoeu

273 2308 394 2377 dixitque,
420 2311 534 2364 Perutile
556 2329 604 2364 esse
626 2311 771 2375 consilium,
793 2311 863 2380 quod
889 2313 900 2367 l

273 2384 381 2453 afferret,
403 2383 446 2436 sed
465 2386 573 2438 minime
593 2386 734 2440 nonarum
770 2387 863 2456 Itaque
884 2390 900 2442 l

274 2457 342 2529 quod
364 2458 499 2512 honestum
517 2477 569 2514 non
590 2465 665 2528 esset,
686 2462 712 2517 id
732 2464 846 2519 neutile
866 2483 900 2535 qu

276 2538 366 2590 verunt
378 2538 509 2604 totamque
519 2553 575 2590 eam
587 2555 649 2602 rem,
661 2557 737 2608 quam
752 2557 784 2593 ne
801 2539 900 2595 audiere

276 2617 379 2669 auctore
391 2610 502 2667 Aristide
518 2612 722 2682 repudiaverunt.
758 2615 851 2670 Melius
867 2616 900 2682 hi,

277 2689 321 2758 qui
332 2689 426 2758 piratas
438 2687 569 2755 immunes,
581 2689 663 2744 socios
675 2690 810 2762 vectigales
822 2690 900 2746 haben

312 2765 373 2816 XH.
392 2764 498 2818 Maneat
509 2780 578 2832 ergo,
590 2765 660 2834 quod
669 2775 744 2837 turpe
755 2770 795 2832 eit,
805 2767 835 2821 id
846 2785 900 2822 nun

277 2858 332 2906 esse,
341 2857 373 2893 ne
388 2849 445 2894 tum
456 2840 565 2910 quidem,
579 2858 660 2910 quum
672 2843 707 2911 id,
716 2844 785 2915 quod
795 2862 844 2899 esee
855 2849 900 2900 uti.
