2575 3367
289 321 321 367 ³4
578 315 626 363 DE
644 315 798 363 oramus

287 424 329 480 alii
341 442 373 479 na
385 422 544 494 appellentur
556 422 667 494 quidem.
700 419 861 478 Prohibenda
873 423 960 476 autem
971 421 1080 477 maximo

288 508 328 557 est
340 500 378 554 ira
389 500 416 555 in
428 498 562 569 puniendo.
586 499 735 570 Numquam
747 499 822 563 enim,
832 497 913 552 iratus
923 499 968 570 qui
980 498 1081 554 accedet

288 577 321 632 ad
338 595 445 649 poenam,
464 575 664 632 mediocritatem
677 575 744 630 illam
764 574 870 639 tenebit,
884 591 941 645 quae
956 578 999 629 est
1017 575 1082 630 inter

287 654 393 709 nimium
414 657 442 709 et
462 670 566 724 parum
592 670 649 723 quae
669 651 752 722 placet
769 650 955 720 Peripateticis,
968 654 997 705 et
1014 655 1081 706 recte

287 731 384 802 placet;
396 728 471 784 modo
480 747 513 783 ne
521 727 654 783 laudarent
662 727 817 782 iracundiam
825 732 852 782 ct
861 726 975 781 dicerent
984 728 1081 783 utiliter

288 824 303 863 a
314 810 406 862 natura
417 804 510 860 datam.
539 804 587 861 Illa
597 823 659 860 vcro
670 804 788 860 omnibus
799 803 826 857 in
837 802 914 858 rebus
926 803 1081 873 repudianda

287 886 327 937 est
337 903 345 948 ;
363 880 559 952 optandumque,
570 883 600 936 ut
611 881 637 946 ii,
650 881 695 951 qni
706 883 820 952 presunt
828 878 981 949 reipublice,
996 880 1081 952 legum

287 958 381 1013 similes
393 958 452 1022 sint,
466 976 523 1028 qua
532 956 564 1013 ad
576 956 731 1029 puniendum
740 954 938 1022 noniracundia,
951 955 1081 1028 redequi-

286 1037 341 1089 tatc
353 1034 491 1089 ducuntur.
1083 1035 1085 1040 '

243 1111 274 1159 90
321 1111 429 1164 XXVI.
447 1112 533 1181 Atque
545 1109 621 1164 etiam
638 1109 666 1164 in
677 1109 753 1165 rebus
769 1106 897 1178 prosperis
909 1111 936 1162 et
948 1105 981 1163 ad
993 1109 1081 1164 volun·

286 1190 366 1242 tatem
378 1191 492 1243 nostram
503 1186 642 1243 fluentibus
655 1186 806 1257 superbiam,
819 1183 950 1240 fastidium
962 1202 1081 1257 arrogan-

285 1264 397 1336 tiamque
410 1282 501 1336 magno
513 1281 589 1334 opere
605 1262 742 1333 fugiamus.
777 1262 846 1318 Nam
858 1265 888 1315 ut
900 1259 1020 1316 adversas
1031 1279 1080 1329 res,

285 1341 322 1395 sic
330 1339 453 1396 secundas
461 1339 625 1396 immoderate
637 1339 704 1394 ferre
714 1337 826 1393 levitatis
837 1341 892 1392 est:
910 1335 1080 1409 praeclaraque

285 1423 325 1471 est
337 1417 487 1488 equibilitas
499 1416 608 1470 inomni
625 1415 686 1480 rita,
699 1419 726 1469 et
737 1414 805 1469 idem
823 1431 923 1482 semper
938 1411 1028 1468 vultus
1040 1431 1081 1468 ea-

286 1490 392 1563 demque
405 1493 492 1556 irons3
510 1495 540 1545 ut
552 1490 584 1546 de
597 1492 711 1555 Socrate,
729 1490 842 1561 itemque
858 1488 890 1543 de
902 1489 931 1542 0.
941 1487 1024 1544 Iaelio
1041 1506 1081 1544 ac·

285 1567 405 1636 cepimus.
435 1566 581 1637 Philippum
593 1565 702 1637 quidem,
712 1565 882 1622 Macedonum
894 1582 989 1635 regem,
1002 1563 1079 1621 rebus

285 1643 365 1714 gestis
384 1648 411 1698 et
427 1642 510 1713 gloria
527 1649 676 1712 superatum
694 1660 710 1697 a
726 1642 786 1707 filio,
804 1641 928 1698 facilitate
945 1644 973 1695 et
990 1640 1080 1696 huma·

284 1719 365 1773 nitate
383 1718 458 1774 video
476 1720 632 1789 superiorem
653 1718 740 1773 fuisse.
775 1719 867 1790 Itaque
891 1717 956 1772 alter
979 1733 1079 1788 semper

284 1814 398 1866 magnus,
420 1795 484 1850 alter
505 1813 572 1865 saepe
592 1794 774 1865 turpissimus:
801 1800 831 1849 ut
852 1796 922 1848 recte
942 1793 1079 1864 precipere

284 1871 424 1936 videantur,
447 1871 490 1942 qui
510 1874 622 1935 mouent,
642 1874 680 1935 ut,
703 1875 798 1942 quanto
819 1868 963 1940 superiores
981 1887 1078 1935 sumus,

284 1953 356 2002 tauto
369 1966 415 2003 nos
428 1965 545 2016 geramus
558 1946 715 2002 submissius.
745 1946 874 2002 Panaetius
883 1943 994 2016 quidem,
1002 1946 1080 2015 Afri·

283 2043 377 2091 curarem,
388 2027 524 2079 auditorem
535 2029 561 2078 et
569 2023 726 2094 familiarem
737 2041 813 2089 mum,
825 2024 926 2077 solitum
938 2019 976 2074 ait
987 2022 1078 2087 dimoc,

178 2097 180 2101 ’
283 2105 312 2153 ut
323 2121 403 2170 equos,
410 2106 513 2170 propter
521 2103 616 2154 crebras
626 2102 787 2155 commaticus
794 2099 1080 2169 praeltcmuserocttato

282 2180 440 2240 exsultantes,
454 2178 617 2230 domitoribus
630 2176 729 2229 tradere
745 2177 850 2239 roboat,
863 2178 892 2227 ut
903 2175 937 2227 m
943 2173 1080 2245 faciliori·

283 2253 327 2305 dms
344 2255 441 2320 possint
461 2255 518 2304 uti:
548 2254 585 2305 aie
604 2253 710 2305 homines
725 2252 840 2305 madro
859 2251 931 2304 rebus
947 2250 1080 2320 effrenatos

281 2330 376 2397 sibique
383 2329 541 2395 praetdcnter
550 2331 670 2397 tamquam
680 2329 707 2380 ἐκ
715 2346 802 2398 pyrum
812 2328 917 2381 rationis
925 2329 951 2380 et
959 2326 1080 2382 doctrinm

282 2405 340 2457 doci
352 2406 467 2471 oportere,
477 2406 505 2456 ot
511 2405 680 2472 perspicerent
691 2422 770 2457 rerum
780 2405 939 2457 humanarum
950 2402 1080 2456 imbecilli·

237 2494 264 2540 91
282 2485 355 2534 tatem
370 2481 557 2548 varietatemque
559 2482 682 2550 sortumoe.
718 2481 804 2551 Atque
821 2478 897 2533 ctiam
910 2479 938 2532 in
949 2479 1080 2534 secundis·

282 2557 351 2611 simis
372 2554 448 2610 rebus
469 2555 577 2608 maxime
599 2558 639 2609 est
660 2554 785 2610 utendum
806 2554 911 2610 consilio
931 2553 1079 2621 amicorum,

281 2635 363 2704 iisque
385 2635 464 2703 major
485 2631 569 2696 etiam,
590 2649 664 2703 quam
685 2637 752 2697 aute,
774 2629 910 2687 tribuenda
929 2631 1080 2698 auctoritas,

280 2710 421 2780 iisdemque
439 2707 596 2779 temporibus
615 2706 755 2763 cavendum
767 2711 815 2773 est,
828 2725 861 2762 ne
877 2707 1079 2762 assentatoribus

280 2786 466 2855 patefaciamus
484 2801 566 2848 aures,
583 2801 631 2838 nec
649 2782 746 2838 adulari
762 2801 810 2837 nos
828 2783 955 2838 sinamus:
982 2783 1011 2837 in
1029 2801 1080 2854 quo

279 2860 333 2915 salli
346 2861 418 2916 facilc
430 2866 478 2917 est.
514 2858 590 2917 Tales
608 2858 677 2917 enim
693 2877 741 2917 uos
758 2877 815 2917 esse
830 2863 959 2930 putamus,
971 2861 1003 2915 ut
1019 2860 1081 2935 jure
