2575 3367
274 308 306 355 84
554 308 645 356 CATO
663 309 784 357 Muros

273 418 329 489 quis
342 417 414 472 facile
429 421 570 486 retraxerit,
585 438 667 491 neque
679 424 807 491 tamquam
821 420 918 476 Peliam
932 418 1049 476 recurari

273 494 350 553 Quod
368 495 390 548 si
402 494 458 565 quis
471 496 533 550 deus
551 498 613 551 mihi
625 497 756 568 largiatur,
768 503 800 552 ut
817 517 849 552 ex
866 498 916 552 hac
933 502 1010 552 aetate
1025 514 1049 552 re

272 587 418 640 puerascam
431 575 457 626 et
470 576 497 626 in
509 575 580 628 cunis
590 574 696 644 regiam,
706 573 779 629 valde
791 592 914 629 recusem
939 574 997 629 Nec
1005 591 1049 628 ver

273 652 355 717 velim,
366 653 438 723 quasi
450 651 555 716 decqrso
568 651 658 720 spatio,
667 650 699 704 ad
711 668 823 706 carceres
835 669 851 704 a
862 651 932 705 calce
943 649 1049 705 revocari

232 735 264 779 84
274 729 341 793 Quid
352 729 417 783 enim
435 728 512 782 habet
524 727 576 780 vita
593 725 736 781 commodi?
754 727 814 797 quid
826 744 879 782 uon
894 727 981 798 potius
996 726 1049 782 tabo

272 805 326 858 ris?
352 804 401 858 Sed
413 803 505 858 habeat
522 821 597 869 saue3
615 803 692 858 habet
708 808 777 858 certa
794 808 881 859 tamen
899 809 945 858 aut
961 804 1049 859 satiata

271 885 323 934 tem
336 884 380 934 aut
392 880 501 934 modum.
532 881 592 935 Non
603 880 675 934 lubet
686 880 752 934 enim
764 880 827 934 mihi
836 879 967 950 deplorare
975 880 1049 934 vitam

272 956 340 1025 quod
352 956 434 1018 multi,
444 960 470 1010 ct
482 957 500 1010 ii
512 957 588 1025 docti,
598 975 664 1027 saepe
676 956 806 1010 feceruut:
825 974 908 1026 neque
920 975 960 1011 me
970 957 1049 1010 vixiss

271 1032 394 1101 poenitet;
415 1033 532 1103 quoniam
554 1034 591 1086 ita
608 1032 669 1097 vixi,
681 1037 712 1087 ut
731 1050 783 1087 non
800 1032 898 1087 frustra
914 1051 955 1088 mc
973 1037 1049 1086 uatuu

270 1109 427 1163 existimem:
446 1113 472 1162 et
485 1128 518 1163 ex
527 1109 581 1163 vita
591 1109 629 1163 ita
640 1107 749 1173 discedo,
758 1113 888 1180 tamquam
898 1127 932 1163 ex
941 1109 1049 1180 hospitio

270 1203 321 1240 non
332 1190 461 1257 tamquam
474 1205 507 1240 ex
520 1186 602 1241 domo.
639 1185 814 1240 Commoraudi
831 1187 899 1240 enim
915 1191 1008 1240 natura
1018 1185 1048 1240 de

269 1262 408 1318 versorium
429 1264 508 1328 uobis,
532 1281 583 1318 uon
601 1262 731 1318 habitandi
752 1262 830 1318 dedit.
867 1264 890 1316 0
911 1262 1049 1332 praectaruu

269 1338 344 1407 diem,
357 1359 433 1411 quum
453 1339 484 1394 ad
498 1339 559 1394 illud
571 1339 684 1393 divinum
702 1339 840 1393 animorum
859 1339 995 1394 concilium
1012 1357 1049 1394 cm

270 1419 376 1486 tumque
389 1418 538 1487 proficiscar,
549 1434 678 1487 quumque
690 1435 722 1470 ex
733 1415 780 1470 hac
792 1414 868 1470 turba
880 1420 907 1469 et
919 1416 1049 1470 colluvione

268 1490 394 1546 discedam
406 1497 412 1546 t
443 1493 591 1546 Proficisear
602 1494 669 1546 enim
681 1510 733 1546 uon
744 1492 776 1545 ad
788 1509 831 1545 eos
843 1490 926 1545 solum
937 1492 1014 1557 viros,
1026 1490 1049 1544 da

269 1566 361 1636 quibus
373 1573 431 1622 ante
444 1568 497 1622 dixi
504 1590 512 1633 ;
530 1587 617 1622 verum
630 1567 706 1622 etiam
718 1566 750 1621 ad
762 1567 885 1621 Catonem
902 1585 995 1632 meum,
1007 1583 1049 1636 qu<

267 1661 342 1698 nemo
355 1645 393 1698 vir
411 1643 498 1699 melior
515 1647 591 1699 natus
609 1647 656 1708 est,
676 1661 749 1698 nemo
766 1642 862 1713 pietate
880 1643 1049 1712 praestantior:

268 1720 340 1791 cujus
356 1738 372 1774 a
386 1739 426 1775 me
442 1738 533 1790 corpus
546 1725 685 1775 crematum
701 1724 756 1785 est3
776 1718 856 1789 (quod
870 1723 961 1773 contra
972 1718 1049 1774 decurii

267 1798 299 1852 ab
316 1798 359 1852 illo
377 1816 459 1852 meum
469 1798 488 1866 :)
508 1797 605 1850 animus
617 1814 678 1850 vero
694 1813 746 1850 uon
763 1813 803 1849 me
815 1795 943 1859 deserens,
957 1795 1002 1850 sed
1018 1812 1049 1849 re

267 1879 391 1944 spectans,
401 1874 426 1927 iu
438 1891 468 1928 ea
480 1873 594 1943 profecto
606 1872 661 1927 loca
669 1870 793 1932 discessit,
803 1888 855 1938 quo
867 1871 930 1925 mihi
941 1871 993 1942 ipsi
1003 1889 1049 1926 cer

266 1950 342 2005 nebat
354 1968 410 2005 esse
422 1948 580 2004 veniendum.
605 1950 687 2014 Quem
699 1965 747 2017 ego
759 1964 841 2000 meum
854 1964 942 2001 casum
956 1947 1049 2001 sortiter

266 2026 332 2081 forre
344 2028 413 2081 visus
430 2044 501 2080 sum:
519 2043 571 2078 non
583 2042 633 2094 quo
645 2042 718 2093 aequo
734 2023 817 2076 animo
831 2022 923 2077 ferrem
931 2045 939 2089 ;
960 2023 1005 2078 sod
1015 2039 1049 2077 ma

266 2102 320 2172 ipse
336 2102 489 2166 consolabar,
502 2101 659 2164 existimaus,
672 2117 724 2154 non
740 2098 907 2169 longinquum
925 2099 1049 2155 internos

227 2186 256 2230 85
267 2178 407 2248 digressum
425 2183 451 2232 ct
467 2176 605 2231 discessum
623 2175 685 2230 tore.
721 2175 770 2228 His
789 2174 850 2228 mihi
861 2174 948 2240 rebus,
963 2175 1049 2246 Scipio,

267 2253 304 2322 (id
316 2255 383 2307 euim
395 2259 422 2308 te
434 2271 491 2307 cum
503 2253 582 2307 Laelio
595 2251 711 2306 admirari
726 2250 806 2305 solere
818 2250 927 2319 dixisti)
941 2252 1003 2307 levis
1014 2253 1049 2305 cst

266 2334 389 2395 senectus,
408 2347 454 2382 nco
473 2329 554 2382 solum
575 2346 626 2382 non
644 2328 756 2391 molesta,
776 2326 821 2380 sed
838 2327 917 2381 etiam
931 2326 1048 2398 jucunda.

266 2404 343 2466 Quod
355 2406 377 2460 si
389 2406 415 2459 in
430 2405 478 2458 hoo
491 2423 555 2466 erro,
568 2404 636 2474 quod
649 2405 744 2458 animos
756 2403 885 2457 hominum
899 2403 1048 2459 immortales

264 2501 319 2538 csse
329 2482 435 2546 credam,
446 2480 562 2535 lubenter
574 2498 645 2545 erro;
664 2498 711 2534 nec
723 2480 783 2533 mihi
795 2478 863 2534 huuc
872 2498 993 2546 errorem,
1003 2495 1047 2550 quo

264 2560 382 2623 delector,
396 2558 456 2611 dum
472 2558 535 2621 vivo,
553 2557 699 2624 extorqueri
711 2555 775 2609 volo.
812 2555 857 2609 siu
872 2563 998 2622 mortuus,
1011 2557 1047 2625 (ut

264 2636 364 2705 quidam
383 2634 475 2690 minuti
493 2633 635 2703 philosophi
653 2633 777 2700 censent)
789 2631 853 2685 nihil
871 2635 988 2697 santiam,
1002 2648 1046 2686 nou

263 2729 358 2775 vereor,
371 2729 403 2765 ne
419 2710 486 2764 huuc
503 2726 612 2763 errorem
630 2727 713 2761 meum
730 2708 824 2762 mortui
838 2708 984 2780 philosophi
997 2707 1046 2762 irri·

263 2787 346 2841 deant.
383 2785 458 2848 Quod
476 2786 497 2839 si
515 2802 566 2837 non
583 2802 670 2837 sumus
689 2784 842 2837 immortales
860 2784 952 2851 futuri,
968 2790 1046 2840 tamea

260 2862 392 2934 exstingui
405 2860 499 2916 homiui
511 2877 557 2914 suo
570 2863 682 2928 tempore
694 2858 803 2928 optabile
815 2864 864 2914 est.
896 2862 966 2917 Nam
977 2860 1045 2916 habet
