2575 3367
431 324 499 374 ΗΒ.
518 324 538 374 1.
557 326 631 376 CAP.
650 328 689 385 88,
701 331 740 377 89.
898 374 902 382 .
954 331 984 380 ol

219 425 382 488 XXXVIII.
401 431 452 486 Sed
475 433 601 502 quomodo
624 433 652 487 in
675 433 745 488 omni
768 433 822 489 vita
844 435 986 493 rectissime

206 508 345 578 recipitur,
364 512 393 562 nt
413 509 617 578 perturbationes
637 509 773 581 fugiamus,
792 510 819 565 id
839 519 880 566 est
900 521 986 568 motus

206 584 268 638 nimi
282 584 381 652 nimios,
399 585 491 640 rationi
508 604 560 640 non
576 585 790 658 obtemperantes,
806 589 844 643 sio
861 589 986 657 ejusmodi

206 661 304 716 notibus
322 679 405 716 sermo
426 661 501 717 debet
519 681 615 729 vacare,
633 681 667 718 ne
687 668 733 719 aut
750 665 789 719 ira
805 664 921 730 exsistat,
940 671 986 721 aut

206 737 318 808 upiditas
335 737 426 809 aliqua,
438 741 483 793 aut
499 738 610 809 pigritia,
623 743 669 794 aut
686 740 794 810 ignavia,
810 745 855 796 ant
871 741 923 797 tale
940 735 1040 797 arr-1³⁶

206 815 253 871 nid
264 819 393 887 appareat.
429 817 592 888 Maximeque
606 816 747 872 curandum
760 826 808 886 est,
819 824 850 874 nt
862 837 914 885 eos,
927 820 985 890 qui·

206 911 297 948 uacum
311 911 452 948 sermonem
467 892 634 959 conferemus,
647 899 674 950 et
691 895 774 950 vereri
784 901 812 952 et
827 895 932 968 diligere
949 897 986 952 vi·

206 987 304 1024 eamur.
339 968 539 1041 Obiurgationes
560 969 637 1025 etiam
658 989 848 1042 nonnumquam
868 972 985 1028 incidunt

206 1045 347 1111 eeessada,
371 1047 399 1100 in
419 1047 511 1117 quibus
532 1047 657 1102 utendum
678 1052 720 1104 est
740 1047 849 1104 fortasse
867 1055 895 1105 et
915 1051 984 1106 vocis

206 1122 355 1177 ontentione
370 1125 473 1192 majore,
488 1127 515 1178 et
531 1123 665 1197 verborum
683 1125 810 1196 gravitme
827 1126 940 1192 acriore;
958 1127 985 1182 id

206 1197 319 1269 gendum
334 1199 419 1264 etiam,
432 1203 463 1254 ut
480 1217 511 1254 ea
528 1200 613 1255 tacere
630 1200 762 1256 videamur
776 1201 843 1256 irati.
879 1203 937 1268 Sed,
955 1207 985 1258 ut

206 1276 360 1330 durandum
372 1281 399 1331 et
411 1277 555 1343 secandum,
563 1278 601 1332 sio
613 1281 639 1332 et
652 1276 684 1331 ad
695 1277 743 1332 hoo
752 1295 833 1349 genus
844 1279 986 1349 castigandi

206 1371 248 1408 aro
266 1353 390 1424 invitique
407 1355 545 1419 veniemus,
564 1371 612 1410 nec
626 1373 755 1425 nmquam,
770 1355 820 1409 nisi
835 1357 984 1422 necessario,

206 1429 295 1485 inulla
306 1431 448 1502 reperietur
463 1431 512 1486 alia
523 1431 663 1486 medicina:
682 1431 728 1487 scd
744 1436 831 1486 tamen
845 1431 884 1486 ira
898 1434 986 1503 procul

206 1507 265 1572 bsit,
279 1525 337 1562 oum
350 1526 400 1579 qua
410 1509 475 1563 nihil
492 1512 562 1563 recte
573 1509 635 1574 fieri,
649 1508 712 1563 nihil
723 1509 881 1564 considerate
893 1511 986 1580 potest·

206 1586 314 1656 tegnam
325 1588 411 1640 autem
427 1589 533 1656 partem,
546 1584 665 1640 elementi
678 1585 846 1658 castigatione
861 1586 920 1642 ticet
935 1586 984 1652 nti,
995 1589 1039 1643 137

206 1663 318 1718 navitate
329 1667 416 1718 tamen
427 1662 555 1733 adjuncta,
568 1666 598 1717 nt
614 1668 642 1719 et
660 1664 781 1720 severitas
797 1664 947 1720 adhibeatur
958 1668 985 1719 et

206 1739 345 1806 ontnmelia
356 1739 501 1811 repellatur.
537 1741 624 1810 Atque
639 1741 717 1795 etiam
734 1740 797 1796 illud
813 1741 904 1813 ipsam,
917 1741 986 1812 qnod

206 1817 337 1872 cerbitatis
349 1816 427 1872 babet
438 1816 591 1888 objurgatio,
603 1817 796 1888 significandum
808 1821 855 1885 est,
867 1819 947 1889 ipsius
959 1819 986 1874 id

206 1912 274 1960 ausa,
296 1897 340 1966 qui
359 1894 516 1965 objurgetur,
537 1912 593 1949 esse
614 1901 769 1967 susceptum.
813 1896 923 1950 Rectum
945 1899 985 1950 est

206 1975 285 2037 utem,
299 1971 376 2027 etiam
390 1973 418 2026 in
429 1971 479 2026 illis
496 1971 780 2043 contentionibusque
796 1989 854 2026 cum
866 1970 985 2026 inimicis·

206 2048 261 2103 imis
285 2048 359 2113 fiunt,
380 2048 458 2102 etiam
478 2047 501 2102 si
519 2047 593 2103 nobis
614 2048 719 2119 indigna
737 2047 876 2112 audiamus,
898 2052 985 2102 tamen

206 2125 344 2180 raritatem
361 2124 479 2185 retinere.
495 2124 649 2179 iracundiam
669 2123 798 2196 repellero.
834 2124 900 2184 Qua
917 2124 985 2179 enim

206 2220 249 2257 um
261 2202 347 2273 ah'qna
357 2201 548 2272 perturbatione
561 2201 632 2267 fiunt,
643 2220 691 2258 nec
702 2205 849 2257 constanter
860 2201 915 2256 tieri
926 2219 985 2273 pos·

206 2283 259 2346 unt,
272 2298 320 2334 nec
334 2279 373 2348 iis,
386 2279 430 2350 qui
448 2279 549 2343 adsunt,
566 2279 675 2350 probari.
710 2280 831 2334 Deforme
843 2283 883 2334 est
899 2280 984 2347 etiam,

206 2375 222 2412 a
233 2375 263 2412 se
274 2356 358 2428 ipsum
370 2356 515 2429 praedicare,
523 2355 586 2410 falsa
597 2355 746 2426 presertim,
759 2360 786 2412 et
798 2375 857 2413 cum
868 2356 984 2413 irrisione

206 2433 349 2490 odientium
360 2434 455 2489 imitari
466 2434 568 2488 militem
576 2435 717 2504 gloriosum.

224 2511 353 2567 xxxlx„
370 2511 406 2566 Et
424 2509 542 2582 quoniam
562 2510 647 2565 omnia
666 2511 849 2581 persequimur,
866 2510 983 2567 volumus
993 2519 1039 2566 138

207 2588 293 2644 uidem
317 2591 394 2654 certe,
419 2586 553 2643 dicendum
577 2591 617 2642 est
641 2587 725 2655 etiam,
749 2586 849 2658 qualem
874 2585 983 2641 hominis

206 2665 309 2723 onorati
320 2669 348 2722 et
359 2664 479 2736 principis
491 2665 585 2720 mnium
597 2665 695 2734 placeat
706 2682 770 2728 esee,
783 2663 856 2731 cujus
868 2662 925 2716 finis
943 2667 983 2718 est

206 2765 260 2811 sus,
274 2743 307 2800 ad
323 2762 398 2815 quem
413 2742 623 2798 accommodanda
638 2745 679 2797 est
692 2739 832 2797 edificandi
848 2738 983 2809 descriptio

206 2828 216 2879 t
228 2829 316 2879 tamen
328 2820 469 2876 adhibenda
481 2819 668 2875 commoditatis
684 2816 866 2887 dignitatisque
878 2815 984 2887 diligen·

206 2905 234 2961 ia.
271 2903 318 2959 On.
340 2900 454 2968 Octavio,
476 2901 520 2972 qui
540 2898 637 2972 primus
658 2917 692 2953 ex
711 2897 755 2952 illa
776 2895 872 2951 familia
894 2893 986 2951 consui
