2575 3367
385 297 434 344 DE
453 295 629 346 AMICITIA.
658 294 731 344 CAP.
749 299 787 356 26,
800 299 838 348 27.
976 293 1006 350 Il

209 424 276 464 >esse
288 407 390 463 laudum
402 427 505 463 suarum
517 412 618 479 putant.
651 408 730 463 Nulla
741 413 781 463 est
793 408 873 479 igitur
884 408 938 463 hac
949 409 1009 463 ami·

220 485 288 549 citia,
302 504 379 554 quum
396 485 460 539 alter
471 504 558 540 verum
575 484 662 539 audire
677 502 729 539 non
740 485 804 549 vult,
818 484 882 538 alter
898 484 929 539 ad
941 503 1010 539 men·

220 559 335 615 tiendum
355 565 458 632 paratus
479 565 526 615 est.
561 561 618 616 Neo
642 561 810 631 parasitorum
834 560 861 614 in
881 560 1010 616 comoediis

220 636 358 691 assentatio
379 636 452 692 nobis
472 637 555 692 faceta
576 636 711 702 videretur,
733 636 783 690 nisi
806 641 893 691 essent
916 637 1009 692 milites

239 714 332 770 loriosi.
479 769 484 776 ,

220 733 239 786 g
337 798 657 858 Mapadsveroapereprdtias
669 798 822 844 Ttatsmlln'?

212 869 288 924 Satis
298 873 352 924 erat
364 869 522 939 respondere,
532 871 817 939 mapms,·—iuperrtes,
826 870 916 942 inquit.
941 871 1010 926 Sem-

218 964 264 1015 per
281 949 357 1016 auget
374 949 517 1000 assentator
534 945 567 1010 id,
585 945 654 1015 quod
670 945 701 1010 is,
716 946 789 1016 cujus
807 947 839 1000 ad
854 947 1009 1001 voluntatem

219 1021 319 1087 dicitur,
346 1021 402 1076 vult
432 1040 487 1076 esso
515 1040 642 1092 magnum.
687 1022 866 1089 Quamobrem,
896 1024 1009 1095 quamvis
1017 1032 1048 1079 99

219 1098 310 1154 blanda
333 1098 383 1152 ista
406 1099 504 1153 vanitas
528 1098 596 1168 apud
620 1116 663 1153 eos
687 1099 777 1164 valcat,
803 1101 846 1170 qui
869 1100 918 1170 ipsi
942 1101 1009 1155 illam

208 1175 337 1230 allectant
354 1178 380 1229 et
398 1175 523 1241 invitant3
548 1180 633 1229 tamen
651 1177 727 1230 etiam
746 1177 874 1247 graviores
892 1182 1010 1232 constan·

217 1251 346 1321 tioresque
367 1251 517 1305 admonendi
541 1255 601 1306 sunt
631 1257 662 1306 ut
685 1253 796 1307 animum
816 1252 956 1319 advertant,
977 1272 1009 1309 ne

210 1328 307 1384 ⁸callida
318 1328 488 1383 assentatione
501 1328 588 1399 capian
602 1347 639 1381 ur.
677 1330 773 1398 Aperte
785 1328 850 1383 enim
864 1329 1009 1384 adulantem

216 1423 291 1460 nemo
303 1422 355 1458 non
366 1403 442 1473 videt,
455 1404 505 1459 nisi
516 1405 561 1476 qui
577 1404 710 1459 admodum
728 1412 767 1459 est
781 1422 885 1459 excors:
904 1404 1008 1460 callidus

216 1481 259 1536 ille
275 1485 302 1536 et
317 1483 433 1537 occultus
449 1500 481 1536 ne
498 1500 526 1535 se
541 1481 661 1546 insinuet,
675 1480 788 1535 studiose
804 1480 943 1535 cavendum
959 1487 1008 1537 est.

217 1557 275 1612 Neo
295 1558 361 1612 enim
382 1558 499 1613 facillime
520 1558 674 1628 agnoscitur,
694 1558 787 1627 quippe
808 1557 852 1627 qui
870 1560 947 1612 etiam
966 1559 1008 1613 ad-

216 1633 339 1690 versando
356 1653 422 1706 saepe
439 1639 591 1701 assentetur,
603 1639 629 1689 et
646 1634 747 1704 litigare
759 1652 787 1688 se
803 1633 923 1689 simulans
938 1635 1008 1690 blan·

216 1709 309 1775 diatur,
334 1715 411 1782 alque
435 1711 467 1766 ad
491 1715 632 1766 extremum
657 1711 700 1764 det
727 1728 816 1764 manus
841 1711 956 1781 vincique
979 1730 1008 1766 se

216 1787 335 1858 patiatur,
355 1792 385 1842 nt
405 1788 435 1852 is,
456 1788 500 1858 qui
520 1787 610 1842 illusus
631 1788 674 1853 ait,
693 1787 749 1857 plus
772 1786 865 1841 vidisse
883 1787 1006 1844 videatur.

213 1863 288 1927 Quid
307 1868 392 1918 autem
410 1865 519 1934 turpius,
540 1882 615 1934 qnam
633 1862 725 1917 illudi?
756 1861 883 1923 Quodne
901 1863 1005 1931 accidat,

216 1939 355 1996 cavendum
368 1944 415 2008 est,
428 1942 497 1995 utin
510 1941 641 2011 Epicloro:

214 2046 216 2051 ·
318 2023 397 2070 Hodie
408 2039 446 2070 ms
456 2028 512 2069 ante
522 2038 604 2069 omues
613 2023 717 2071 odmiooa
727 2022 815 2070 stultos
823 2035 891 2068 sensa

212 2128 215 2135 .
321 2088 429 2136 versaris
439 2093 510 2147 atqua
521 2089 657 2136 amdnxeris
666 2088 803 2134 lautissIma

214 2163 281 2218 Haec
293 2164 359 2217 onim
376 2164 452 2218 etiam
468 2163 495 2217 in
508 2163 599 2218 fabulis
615 2163 767 2217 stultissima
783 2180 890 2231 persona
906 2167 945 2216 est
962 2162 1059 2220 immo

215 2239 378 2311 providorum
403 2245 429 2294 et
453 2239 612 2295 credulorum
636 2258 733 2293 aenum.
773 2239 823 2294 Sed
847 2241 931 2295 nescio
955 2260 1006 2312 quo

212 2321 290 2388 pacto
313 2315 343 2370 ab
364 2317 481 2371 amicitiis
502 2317 672 2387 perlectorum
697 2315 833 2380 hominnm,
856 2316 883 2371 id
906 2321 946 2372 est
967 2336 1006 2373 sa-

214 2392 346 2464 pientium,
367 2393 410 2461 (de
428 2393 475 2447 hoo
496 2392 552 2448 dico
572 2392 703 2462 sapientia,
722 2411 778 2462 qum
796 2392 896 2447 videtur
916 2394 943 2448 in
961 2394 1006 2448 ho·

214 2469 308 2524 minem
325 2468 414 2522 oadere
431 2470 525 2539 possa)
538 2468 570 2523 ad
582 2469 649 2523 leves
662 2469 785 2523 amicitias
798 2469 900 2523 deflerit
916 2471 1004 2524 oratio.

212 2543 387 2603 Quamobrem
405 2545 437 2599 ad
455 2545 497 2599 illa
516 2545 597 2615 prima
615 2546 754 2609 redeamus,
774 2563 853 2613 eaque
874 2545 928 2615 ipsa
946 2563 1005 2600 con·

214 2621 346 2677 cludamus
359 2621 500 2691 aliquando.

250 2697 365 2752 XXVII.
391 2698 489 2762 Virtus,
512 2698 600 2763 virtus,
626 2699 736 2768 inquam,
762 2697 791 2750 O.
811 2697 891 2752 Fanni
915 2702 941 2752 et
965 2703 1002 2762 tu,

214 2773 248 2834 Q„
259 2772 339 2836 Muci,
353 2777 378 2827 et
395 2773 511 2828 conciliat
527 2775 650 2828 amicitias
663 2780 689 2829 et
703 2784 842 2828 conservat.
878 2775 910 2827 In
922 2792 952 2828 ea
964 2779 1003 2829 est

212 2850 281 2906 enim
300 2850 476 2920 convenientia
492 2869 584 2916 rerum,
603 2851 630 2906 in
651 2869 681 2906 ea
700 2849 833 2916 stabilitas,
852 2850 880 2905 in
898 2868 928 2905 ea
945 2868 1005 2906 oon·
