2575 3367
426 338 475 386 DE
494 338 671 386 AMICITIA.
701 339 774 386 CAP.
787 343 810 398 8,
823 342 845 388 9.
995 340 1027 390 47

231 455 261 506 et
280 450 360 521 magia
381 467 397 504 a
418 454 512 504 natura
531 450 588 520 ipaa
611 449 728 521 proleota
748 449 797 502 alia
813 449 909 503 oauaa?
943 452 1029 502 Amor

233 527 309 590 enim,
323 544 354 580 ea
367 543 417 596 quo
433 527 555 579 amicitia
567 527 705 590 nominata,
718 525 836 595 princepe
852 530 892 579 eat
904 523 937 578 ad
954 522 1029 579 bena-

233 602 370 659 volentiam
384 602 596 673 oonjungendam.
623 602 691 656 Nam
703 602 829 656 utilitates
841 600 942 671 quidem
951 600 1029 655 etiam

234 679 267 735 ab
278 679 310 734 iia
323 678 498 748 percipiuntur
507 696 580 748 aaepe,
589 678 634 748 qui
646 677 807 732 simulatione
815 676 933 731 amicitiae
942 675 1028 730 uolun-

234 761 279 812 tnr
291 759 317 809 et
329 754 497 809 observantur
512 755 633 824 temporis
650 773 735 808 oauaa.
771 755 804 806 In
819 753 930 807 amicitia
941 756 1028 806 autem

235 831 299 888 nihil
310 831 407 896 fiotum,
414 831 478 884 nihil
490 830 648 896 simulatum
665 835 699 895 et,
708 829 832 901 quidquid
843 833 890 893 eat,
903 828 929 884 id
940 846 1027 883 verum

235 913 276 964 eat
288 916 315 963 et
327 907 506 961 voluntarium.
543 906 707 977 Quapropter
719 925 735 960 a
749 914 842 960 natura
852 906 915 960 mihi
926 904 1028 960 ridetur
1035 912 1067 962 27

235 985 330 1056 potina,
342 1002 418 1054 quam
438 983 471 1037 ab
491 982 632 1054 indigentia
649 987 707 1036 orta
724 983 841 1046 amicitia,
861 981 1029 1052 applicatione

236 1061 318 1133 magia
336 1061 413 1115 animi
429 1077 486 1114 oum
499 1059 608 1130 quodam
625 1077 703 1114 sensu
719 1058 827 1123 amandi,
841 1077 917 1129 qnam
933 1057 1030 1128 eogita-

236 1137 314 1201 tione,
328 1141 450 1208 quantum
465 1134 509 1189 illa
521 1153 562 1190 rea
574 1135 695 1189 utilitatis
711 1139 780 1189 earet
792 1133 918 1189 habitura
955 1132 1031 1198 Quod

236 1212 338 1284 quidem
358 1212 432 1283 quale
450 1211 585 1275 titatium
602 1211 629 1264 in
645 1211 735 1266 beatiia
751 1210 903 1281 quibusdam
918 1209 1031 1264 animad·
1078 1224 1081 1232 ·

236 1290 303 1344 verti
321 1294 416 1360 potest,
433 1307 489 1360 quae
505 1307 537 1342 ex
557 1305 585 1342 aa
604 1293 679 1342 natos
700 1288 737 1342 ita
753 1292 839 1341 amant
856 1287 888 1341 ad
904 1285 1031 1358 quoddam

236 1369 346 1435 tempus,
360 1370 387 1420 et
404 1366 437 1419 ab
454 1365 492 1419 eis
509 1364 547 1418 ita
562 1368 688 1428 amantur,
702 1367 732 1417 ut
748 1364 821 1418 saoile
838 1381 924 1417 earum
941 1381 1031 1418 sennua

237 1446 365 1512 appareat.
403 1440 478 1506 Quod
494 1441 522 1495 in
537 1440 640 1494 homine
651 1439 733 1494 multo
750 1444 791 1494 est
802 1439 961 1494 evidentius:
982 1441 1032 1511 pri·

236 1536 306 1572 mnm
324 1535 357 1572 ex
375 1535 406 1571 ea
423 1517 607 1588 caritateque
624 1521 665 1571 eat
682 1517 750 1570 inter
767 1520 842 1571 natos
860 1521 887 1571 et
905 1521 1032 1587 parentas,

236 1612 294 1665 qne
307 1593 390 1648 dirimi
407 1594 456 1648 nini
473 1593 617 1648 detestabili
633 1593 728 1649 scelera
745 1612 796 1648 nou
812 1598 913 1662 poteet3
932 1594 1030 1661 deiude,

237 1688 317 1741 quum
334 1669 423 1724 similia
443 1687 533 1724 aenens
554 1671 655 1724 exstitit
673 1670 773 1734 amoris,
794 1670 817 1725 ai
838 1670 944 1742 aliquem
964 1672 1033 1727 nauti

237 1763 335 1810 sumna,
348 1747 422 1816 eujus
434 1763 492 1800 oum
504 1745 617 1800 moribus
629 1750 656 1800 et
669 1751 761 1799 natura
774 1764 951 1816 congruamus,
964 1748 1034 1818 quod

236 1821 265 1877 in
276 1839 307 1877 oo
318 1823 391 1892 quasi
408 1822 495 1877 lumen
511 1820 612 1890 aliquod
624 1821 760 1891 probitatis
778 1826 804 1875 et
816 1823 920 1876 virtutis
936 1824 1033 1894 perepi-

236 1916 295 1955 oere
306 1898 445 1954 videamur.
472 1897 545 1952 Nihil
557 1902 597 1951 est
609 1899 675 1952 enim
691 1897 823 1952 amabilius
835 1899 947 1964 virtute;
959 1899 1030 1966 nihil,
1039 1907 1071 1954 28

237 1974 306 2046 quod
319 1975 399 2044 magia
411 1974 504 2028 alliciat
517 1973 549 2027 ad
561 1973 732 2045 diligendum:
752 1974 846 2044 quippe
857 1994 943 2045 quum,
957 1993 1033 2047 prop-

236 2055 279 2107 ter
296 2050 416 2106 virtutem
433 2053 461 2104 et
478 2050 639 2120 probitatem,
652 2069 696 2104 eoa
714 2050 798 2114 etiam,
812 2069 877 2120 quoa
894 2069 1032 2122 numquam

237 2127 355 2193 vidimus,
375 2125 484 2195 quodam
503 2126 579 2181 modo
597 2127 740 2198 diligamus.
787 2128 850 2191 Quia
868 2131 915 2192 est,
935 2128 978 2197 qui
1000 2129 1031 2184 C.

238 2203 355 2268 Ilabrioii,
367 2202 415 2256 Μ’.
430 2203 499 2257 curii
516 2221 568 2258 nou
583 2222 641 2259 onm
660 2204 767 2259 oaritate
783 2204 868 2274 aliqua
883 2209 909 2259 et
926 2203 1033 2260 benero-

242 2280 319 2334 lantia
330 2278 473 2332 memoriam
487 2285 601 2350 usurpet,
612 2299 677 2352 quos
689 2299 826 2352 numquam
838 2281 949 2336 viderit?
969 2280 1032 2347 Quis

248 2359 324 2410 tutem
336 2360 384 2421 eat,
395 2355 441 2424 qui
453 2357 616 2426 Tarquinium
630 2358 781 2428 Superbum,
795 2358 841 2428 qni
853 2360 896 2429 Sp.
907 2359 1030 2424 Cassium,

252 2434 283 2503 tp.
293 2430 409 2485 Maelium
426 2450 477 2486 non
489 2432 592 2488 oderit?
611 2436 675 2488 Oum
693 2434 792 2490 duobus
810 2436 917 2491 ducibus
935 2436 967 2490 de
984 2435 1033 2490 im·

258 2508 309 2563 erio
330 2507 358 2562 in
379 2507 457 2562 ltalia
473 2508 630 2564 dooertatnm
649 2513 697 2578 est,
711 2511 811 2583 Pyrrho
828 2516 855 2566 et
871 2511 1031 2566 Hannibale:

262 2602 271 2640 r
291 2583 372 2638 altero
393 2588 497 2655 propter
516 2586 671 2655 probitatem
691 2587 747 2656 ejus
767 2605 820 2640 non
839 2588 915 2641 nimia
936 2587 1032 2642 aiienoa

267 2661 336 2715 imos
355 2659 485 2726 habemur,
498 2661 607 2716 alterum
624 2667 731 2733 propter
741 2662 918 2718 crudelitatem
933 2681 1033 2734 temper

272 2754 293 2792 to
304 2735 394 2790 oiritaa
406 2736 495 2791 oderit.

275 2812 323 2868 [x.
337 2812 411 2877 Quod
423 2813 445 2867 ai
455 2816 530 2868 tanta
538 2814 576 2890 ris
585 2813 721 2885 probitatis
733 2816 781 2878 est,
789 2817 820 2869 ut
829 2831 884 2869 eam
896 2813 936 2870 rel
947 2815 975 2869 in
986 2814 1031 2884 eia,
1039 2834 1071 2883 29

281 2907 304 2944 ra
321 2907 459 2961 numquam
476 2890 594 2957 vidimus,
606 2891 655 2959 rel,
667 2889 738 2961 quod
753 2891 836 2962 majos
853 2895 901 2961 oet,
912 2891 941 2947 in
957 2891 1031 2949 bonta
