2575 3367
456 322 593 374 nra111.
612 326 687 378 cnr.
706 336 743 392 ro,
757 339 794 386 ιι.
979 324 1025 371 ¹1³

231 451 282 499 ror,
296 435 406 489 mentem
419 452 498 500 suam,
511 451 561 506 qua
576 434 639 488 nihil
656 433 752 488 homini
763 432 833 487 dedit
850 431 912 488 deus
922 433 976 504 ipse
988 434 1026 488 di-

231 511 325 565 vinius.
361 511 388 565 It
376 515 453 582 taque
463 511 616 599 'praeclarum
635 529 651 564 a
667 509 805 581 majoribus
817 511 960 580 accepimus
971 527 1025 564 mo-

231 605 285 642 rem
304 586 411 658 rogandi
422 587 522 658 judicia,
536 588 557 640 si
574 605 632 641 eum
648 591 800 653 teneremus,
813 605 870 656 que
885 606 914 640 aa
915 589 957 639 loa
968 587 1025 658 fide

222 665 414 732 socereposaet.
450 663 625 733 Haorogatio
588 661 676 716 tad
691 681 722 717 ea
736 663 854 736 pertinet,
868 681 924 733 quae
940 662 1024 734 paullo

232 737 359 792 antedixi
370 739 475 793 honeste
488 739 567 796 amico
580 757 595 792 a
607 737 693 809 judice
712 756 785 808 posse
802 737 912 799 concedi.
948 738 1024 805 Nam,

233 815 255 868 si
266 815 352 867 omnia
362 813 476 868 facienda
487 815 548 878 sint,
561 833 616 886 quae
633 814 708 872 amici
700 814 819 871 vellat:
838 832 889 872 non
908 815 1024 869 amicitiae

232 889 307 954 tales,
324 889 370 946 sed
385 890 570 958 conjurationes
587 894 634 960 put
622 889 706 944 tardae
724 889 782 944 sint.
817 890 922 961 Loquor
939 897 983 947 aul
984 909 1023 945 em
1033 899 1065 944 45

233 965 265 1020 de
291 965 464 1021 communibus
484 966 610 1021 amicitiis.
647 966 714 1020 Nam
736 965 763 1019 in
783 967 939 1036 sapientibus
963 967 1024 1021 viris

233 1041 404 1112 perfectisque
415 1041 479 1097 nihil
490 1046 575 1112 potest
587 1060 643 1096 esse
659 1042 718 1096 tale.
753 1042 893 1096 Damonem
906 1046 932 1097 et
946 1043 1024 1097 Phin-

226 1119 305 1182 'tiam,
318 1117 499 1192 Pythagoreos,
512 1119 599 1172 ferunt
611 1117 661 1172 hoc
673 1118 756 1171 animo
768 1117 835 1172 inter
847 1136 873 1172 se
885 1117 971 1184 fuisse,
985 1124 1024 1183 ut,

227 1202 313 1264 'quum
327 1211 412 1249 eorum
425 1193 499 1247 alteri
510 1193 650 1264 Dionysius
665 1196 789 1264 tyrannus
803 1192 870 1247 diem
882 1195 950 1248 necis
968 1194 1025 1249 des-

233 1269 376 1338 tinavisset,
393 1273 420 1323 et
436 1269 465 1334 is,
485 1269 530 1340 qui
546 1269 623 1324 morti
639 1268 756 1323 addictus
772 1273 847 1334 esset,
865 1287 959 1337 paucos
977 1270 1026 1326 sibi

234 1345 290 1400 dies'
309 1344 562 1400 commendandorum
579 1363 684 1399 suorum
701 1362 777 1399 causa
795 1344 973 1414 postulavisset
984 1365 1026 1401 :-

229 1433 279 1475 'ras
292 1420 376 1475 factus
388 1425 428 1475 est
440 1421 504 1476 ulter
515 1424 570 1491 ejus
582 1420 689 1476 sistendi
696 1443 704 1488 ;
723 1425 760 1486 ut,
777 1420 800 1474 si
815 1420 857 1475 ille
873 1439 924 1475 non
941 1440 1025 1482 rever·

233 1498 318 1561 tisset,
336 1496 494 1551 moriendum
510 1500 578 1551 esset
595 1497 652 1567 ipsi.
689 1497 742 1557 Qui
761 1515 840 1568 quarn
860 1497 892 1552 ad
912 1497 979 1556 diem
997 1517 1026 1553 sc

232 1572 381 1641 recepisset,
398 1571 536 1627 admiratus
552 1590 641 1627 eorum
658 1572 732 1628 fidem
748 1576 871 1645 tyrannus
884 1575 982 1644 petivit,
995 1579 1026 1630 ut

234 1666 262 1704 se
274 1648 308 1702 ad
320 1648 455 1702 amicitiam
472 1647 577 1703 tertium
594 1649 756 1704 ascriberent.
793 1651 880 1710 Quum
896 1651 976 1722 igitur
991 1650 1025 1717 id,
1034 1657 1066 1704 46

234 1724 306 1796 quod
324 1725 388 1779 utile
407 1723 508 1780 ridetur
526 1725 553 1779 in
574 1726 691 1794 amicitia,
710 1743 768 1780 eum
789 1744 827 1792 eo,
849 1727 917 1796 quod
937 1727 1026 1785 hones-

232 1808 291 1856 turn
313 1805 361 1867 est,
383 1806 550 1872 comparatur,
569 1803 653 1872 jaceat
674 1802 794 1857 utilitatis
818 1804 922 1874 species,
943 1803 1025 1859 valeat

233 1878 364 1933 honestas.
411 1878 498 1937 Quum
527 1882 613 1935 autem
638 1877 667 1932 in
694 1879 812 1943 amicitia,
837 1897 894 1950 qua
919 1879 1027 1934 honesta

227 1969 287 2009 'non
309 1957 377 2018 sunt,
395 1957 454 2023 post
442 1953 600 2020 t,ulabuntur
618 1953 708 2024 religio
725 1958 752 2009 et
772 1954 901 2011 fidestan
889 1959 1026 2025 teporatur

224 2028 361 2085 amicitia.
396 2029 438 2084 Sic
455 2029 615 2085 habebitur
607 2048 637 2097 rs,
651 2048 726 2101 quem
738 2029 900 2102 exquirimus,
913 2031 1025 2089 delectus

233 2101 318 2161 officii.

269 2182 319 2236 XI.
337 2180 388 2236 Sed
400 2181 520 2237 utilitatis
533 2183 616 2254 specie
632 2182 660 2237 in
675 2183 805 2254 republica
815 2183 953 2254 sepissime
969 2203 1026 2254 pec·

227 2261 357 2322 'catunut
368 2258 522 2313 inGorinthi
534 2257 718 2313 disturbatione
731 2259 819 2315 nostri.
844 2261 1026 2318 Duriusetiam

233 2333 414 2401 Athenienses,
426 2335 471 2408 qui
486 2335 623 2402 sciverunt,
635 2340 665 2389 ut
678 2335 813 2405 AEginetis,
827 2337 872 2407 qni
888 2338 967 2394 classe
983 2357 1026 2392 va·

222 2408 329 2476 lebant,
350 2409 452 2480 pollices
473 2410 679 2479 prociderentur.
716 2413 774 2468 Hoc
792 2413 875 2468 visum
896 2420 936 2470 est
954 2415 1025 2468 utile.

222 2484 321 2540 'Nimis
333 2485 399 2539 enim
414 2485 561 2540 imminebat
579 2492 683 2556 propter
698 2488 913 2558 propinquitatem
930 2491 1026 2558 AEgina

233 2561 343 2616 Piraeo.
380 2561 430 2615 Sed
442 2561 511 2629 nihil,
524 2561 592 2633 quod
604 2561 712 2631 crudele,
725 2564 794 2618 utile.
829 2565 878 2618 Est
896 2565 962 2618 enim
980 2565 1025 2619 ho·

230 2637 331 2692 minum
349 2641 454 2700 naturae,
474 2655 550 2707 quam
565 2638 637 2706 sequi
654 2637 783 2703 debemus,
800 2639 908 2693 maxime
925 2638 1026 2694 inimica

232 2711 380 2768 erudelitas.
407 2712 476 2766 Male
488 2713 572 2779 etiam,
585 2714 628 2783 qui
639 2714 786 2784 peregrinos
798 2713 904 2767 urbibus
916 2713 957 2766 uti
968 2732 1026 2782 pro-
1036 2728 1065 2778 ιγ

231 2787 323 2842 bibent
336 2804 430 2856 eosque
443 2788 620 2854 exterminant,
633 2794 663 2842 ut
676 2791 779 2843 Pennus
791 2787 858 2858 apud
870 2793 955 2859 patres
967 2808 1025 2844 nos-

231 2866 297 2930 tros,
310 2862 406 2933 Papius
418 2881 507 2933 nuper.
543 2863 612 2918 Nam
629 2883 679 2926 esse
692 2883 742 2934 pro
755 2865 816 2931 eice,
829 2867 877 2935 qui
889 2867 955 2919 ciam
970 2884 1026 2921 ιιοιι

631 2954 644 2993 1
