2575 3367
481 309 550 358 LIB.
567 307 620 357 111.
639 307 714 357 CAP.
732 310 771 357 21.
976 309 1022 361 m

229 422 312 476 circis
321 419 438 484 habebut,
449 437 513 491 quos
525 418 606 474 dicem
615 422 646 473 ut
658 423 756 490 potero,
765 417 894 474 incondite
905 418 1022 484 fortasse,

226 497 276 552 sed
288 500 382 561 tumen,
396 504 425 550 ut
437 513 478 550 res
491 495 573 565 possit
584 495 710 566 intelligi:

348 603 412 650 Nem
422 604 443 650 si
453 603 590 649 violandum
600 608 638 649 ost
643 604 692 662 jds,
705 603 821 662 mundi
830 602 909 661 gritiu

232 684 233 688 ¹
347 669 551 716 Violdndumestz
569 668 826 726 dusmbmpiemtcm
835 668 908 714 coln.

232 765 353 837 Capitulis
369 765 495 832 Eteocles,
508 765 550 821 vel
566 767 655 837 potius
672 765 815 836 Euripides,
833 765 878 837 qui
894 763 921 820 id
938 784 1026 833 unum,

231 841 424 914 quodomnium
436 842 663 896 sceleratissimum
676 842 761 909 luerit,
774 841 917 912 exceperit!
955 842 1026 902 Quid
1034 848 1065 894 88

232 919 313 988 igitur
328 917 427 972 minuta
442 917 596 988 colligimus,
609 917 773 982 hereditates,
790 921 953 985 mercaturus,
968 936 1027 973 vcn-

230 994 343 1049 ditiones
360 991 554 1048 fraudulentas?
591 995 661 1048 Ecce
678 992 735 1058 tibi,
750 993 795 1064 qui
811 1011 857 1048 rex
873 993 959 1066 populi
977 995 1028 1048 Ro-

234 1071 303 1124 mani
322 1068 487 1139 dominusque
511 1068 624 1123 omnium
645 1069 759 1139 gentium
780 1086 836 1123 esse
856 1069 1028 1139 concupiverit

234 1144 474 1216 idque-perfecerit!
512 1144 589 1198 Hanc
600 1144 766 1214 cupiditatem
783 1143 953 1199 sihoncstaru
971 1145 1027 1215 quis

171 1274 177 1305 Ι
234 1239 291 1277 esse
303 1220 372 1285 dicit,
385 1238 472 1275 umens
483 1224 532 1274 cst.
569 1219 665 1274 Probet
677 1221 744 1275 enim
760 1219 846 1290 legum
858 1224 885 1275 et
902 1219 1028 1275 libertatis

171 1330 178 1363 ;
234 1295 375 1362 interitum,
394 1313 531 1367 conumque
547 1295 738 1366 oppressionem
755 1298 856 1350 tetram
875 1299 902 1350 et
920 1295 1030 1349 deteste-

171 1374 182 1462 ἱ
235 1372 313 1429 bilem
329 1371 465 1442 gloriosum
482 1374 567 1442 putul.
604 1370 658 1431 Qui
674 1376 759 1426 autem
777 1370 880 1438 fatetur,
893 1370 1030 1425 honestum

171 1484 186 1539 ἱ
235 1466 287 1504 non
298 1465 355 1502 esse
366 1447 393 1502 iu
405 1465 436 1503 ea
447 1447 559 1517 civitate,
572 1465 628 1518 quae
644 1447 724 1503 libera
734 1447 785 1501 fuit
802 1465 908 1518 queque
919 1464 975 1500 esse
986 1445 1030 1501 de-

236 1524 304 1589 beet,
323 1541 436 1595 regnare,
449 1523 494 1579 sed
511 1524 543 1592 ei,
556 1523 600 1594 qui
616 1523 643 1578 id
659 1523 742 1578 iecere
760 1523 855 1593 possit3
874 1541 931 1578 esse
947 1523 1029 1591 utiles

238 1618 289 1671 qua
300 1599 369 1654 hunc
380 1598 566 1670 objurgatione,
580 1601 625 1652 out
637 1617 688 1670 quo
699 1598 785 1670 potius
800 1599 914 1654 convicio
926 1617 942 1653 u
957 1603 1031 1653 teuto

178 1712 184 1725 2
237 1692 324 1731 errore
340 1691 417 1729 coner
434 1674 561 1729 evellere?
597 1674 689 1729 Potest
705 1675 780 1740 enirn,
797 1675 843 1729 Dii
859 1675 1029 1730 immortales!

237 1768 425 1896 titillet
440 1749 1031 1899 iiiiiidifflndielltffidldlbiifflu

239 1901 334 1974 pressis
354 1902 453 1957 civibus
475 1921 573 1973 parem
592 1902 759 1958 nominetur?
794 1903 932 1957 Honorum
951 1902 1032 1973 igitur

171 1956 186 1998 Ι
230 1978 381 2049 drepana
392 1979 497 2032 utilitas
508 1988 550 2043 est,
565 1982 591 2033 et
605 1978 706 2049 quidem
718 1979 762 2042 sic,
775 1983 805 2033 ut
817 1978 871 2033 haec
883 1978 942 2048 duo,
955 1976 1032 2032 verbo

171 2034 188 2074 ¹
239 2053 307 2109 inter
327 2071 356 2109 se
373 2052 524 2124 discrepare,
542 2071 570 2108 re
587 2072 667 2109 unum
685 2071 776 2108 sonare
796 2053 938 2111 videantur.
973 2053 1071 2107 Nou84

171 2108 190 2151 ¹
239 2129 330 2194 habeo,
351 2127 383 2183 ud
403 2129 474 2200 uulgi
494 2128 637 2199 opinionem
658 2147 714 2200 quoe
735 2134 815 2202 major
833 2129 938 2194 utilitas,
957 2147 1034 2199 quam

171 2186 194 2302 ε
238 2203 364 2277 muudi
380 2223 437 2260 esse
454 2205 550 2274 possit3
577 2205 640 2259 nihil
657 2209 747 2263 contre
763 2205 879 2261 inutilius
897 2205 928 2273 ei,
945 2205 990 2276 qui
1006 2204 1034 2260 id
1053 2211 1056 2216 “

239 2281 336 2352 injuste
348 2286 500 2336 consecutus
512 2281 554 2345 sit,
567 2281 675 2346 inuenio,
689 2300 766 2353 quum
780 2281 812 2336 ud
824 2281 957 2337 veritatem
969 2281 1035 2352 coepi

239 2374 361 2413 revocure
371 2356 503 2411 sotionem.
539 2357 653 2410 Possunt
664 2357 732 2412 euim
749 2357 867 2429 cuiquam
885 2376 942 2414 esse
957 2358 1034 2413 utiles

240 2450 357 2504 ungeres,
379 2431 568 2498 sollicitudines,
588 2432 672 2487 diurni
689 2436 716 2487 et
735 2434 854 2490 nocturni
871 2438 964 2500 metus,
981 2434 1036 2489 vita

177 2550 183 2561 .
240 2507 391 2565 insidiarum
403 2507 621 2579 periculorumque
633 2508 796 2578 plenissima?

300 2607 375 2656 Morti
383 2609 458 2669 iniqui
466 2613 539 2669 etque
548 2609 655 2656 infideles
664 2609 744 2669 riguo,
755 2610 826 2669 pauci
835 2610 892 2656 sune
900 2609 964 2664 boni,

242 2700 328 2772 inquit
338 2701 441 2756 Accius
478 2702 515 2757 nt
527 2701 569 2757 cui
581 2703 682 2772 regnol’
718 2700 792 2766 Quod
804 2719 820 2755 u
831 2700 937 2754 Tantulo
948 2703 976 2754 et
988 2700 1036 2754 Pe·

244 2777 302 2848 lopo
313 2776 444 2847 proditum
451 2780 512 2846 jure
523 2777 695 2833 obtinebatur.
726 2776 794 2832 Nem
807 2780 903 2845 queuto
915 2774 1001 2846 plures
1012 2775 1038 2831 ei

245 2852 301 2924 regi
313 2856 399 2925 putas,
412 2852 457 2924 qui
466 2853 582 2911 exercitu
593 2851 681 2924 populi
693 2851 803 2909 Romani
820 2850 942 2925 populum
952 2851 1038 2921 ipsum
