2575 3367
277 324 308 368 δυ
568 320 659 368 CATO
678 319 797 367 Meton

245 428 274 476 73
284 423 403 487 vetatque
417 418 585 489 Pythagoras,
597 420 703 486 injussa
718 419 888 488 imperatores,
900 418 930 472 ἑά
939 423 978 472 eet
989 419 1035 484 dei,
1047 417 1076 471 dc

281 495 405 563 presidio
422 505 445 550 et
460 496 571 549 statione
583 495 642 548 oitoe
653 495 773 548 decedere.
811 493 911 549 Solonis
924 494 1026 565 quidem
1038 512 1075 548 sa·

282 571 375 640 piontis
393 570 503 642 elogium
522 574 569 635 eat,
589 588 640 640 quo
661 588 687 624 ee
706 579 779 641 repat
797 571 857 624 celle
876 588 955 624 ecam
972 576 1075 625 mertem

282 648 367 701 dolore
384 650 529 701 coemeram
545 657 569 700 et
587 649 707 700 mommo
723 664 820 700 occare
856 646 930 711 Vult,
950 647 1033 716 credo,
1048 665 1075 702 se

281 742 337 778 esse
350 742 435 778 carum
448 723 516 777 suis:
535 721 581 777 sed
592 722 662 776 haud
673 723 733 787 scio,
746 739 780 776 an
791 722 881 777 melius
891 723 1010 779 Ennius:

340 812 418 855 Nemo
427 825 466 855 me
475 809 586 856 laomnris
598 810 696 856 decoret
704 823 782 867 neqm
789 810 873 855 fimeta
882 810 943 856 fletu
951 811 1021 858 faxit.

282 884 341 936 Non
355 886 442 936 censet
454 881 589 953 lugendam
605 899 663 936 esse
678 885 794 948 mortem,
806 899 882 952 qnam
898 882 1075 937 immortalitas

244 962 458 1027 reconsequutur.
495 959 553 1011 lam
572 975 662 1012 sensus
678 957 796 1011 morienti
812 957 903 1027 aliquis
918 976 977 1013 esse
991 963 1075 1029 potest

281 1033 352 1103 isque
361 1033 394 1087 ad
405 1033 526 1103 exiguum
538 1038 647 1104 tempus,
656 1033 795 1104 prasertim
807 1033 878 1088 seni:
897 1039 956 1102 post
968 1039 1074 1089 mortem

281 1110 382 1178 quidem
400 1128 490 1164 sensus
506 1114 551 1164 ant
569 1109 696 1180 optandus
714 1114 760 1164 aut
775 1109 860 1164 nullus
878 1114 927 1164 est.
966 1111 1017 1166 Sed
1028 1112 1075 1166 hoc

280 1184 430 1239 meditatum
443 1185 474 1240 ab
488 1185 658 1240 adolescentia
669 1185 744 1240 debet
756 1203 820 1249 esso,
832 1189 941 1240 mortem
955 1193 985 1242 ut
997 1187 1075 1258 negli-

280 1281 385 1331 gamus:
400 1263 454 1317 sinc
463 1281 515 1333 qua
522 1262 686 1316 meditatione
694 1261 831 1332 tranquillo
841 1279 898 1316 esse
907 1263 992 1317 animo
1001 1281 1073 1318 nemo

280 1343 374 1408 potest.
399 1338 561 1393 Moriendum
569 1339 636 1392 enim
645 1342 715 1392 certe
724 1341 771 1402 est,
782 1341 809 1392 ct
821 1337 848 1392 id
857 1338 992 1406 incertum,
1000 1357 1034 1394 an
1044 1357 1074 1394 eo

280 1414 335 1482 ipso
353 1414 402 1468 die.
438 1414 551 1468 Mortem
569 1414 648 1483 igitur
663 1413 780 1468 omnibus
797 1413 866 1468 horis
887 1413 1073 1484 impendentem

242 1489 379 1554 totimens,
392 1489 436 1558 qui
452 1491 546 1559 poterit
562 1490 645 1543 animo
661 1489 820 1544 consisteret
849 1489 891 1544 De
903 1507 955 1560 qua
969 1491 1074 1546 nonita

280 1564 355 1633 longa
373 1564 543 1633 disputatione
562 1583 626 1635 opus
647 1583 704 1619 esse
721 1564 830 1629 videtur,
849 1583 929 1635 quum
949 1566 1072 1630 recorder,

279 1657 331 1692 non
343 1639 373 1692 L.
383 1639 501 1708 Brutum,
514 1641 557 1710 qui
569 1641 594 1694 in
608 1640 737 1695 liberanda
752 1641 835 1710 patria
849 1645 890 1695 est
906 1641 1073 1708 interfectum

279 1738 330 1774 uon
351 1719 401 1775 duo
419 1721 519 1788 Decios,
538 1722 582 1791 qui
603 1721 635 1775 ud
652 1721 820 1776 voluntariam
840 1725 951 1776 mortem
970 1740 1072 1778 cursum

280 1820 402 1872 equorum
423 1801 612 1866 incitavemnt;
636 1820 688 1856 nou
705 1802 881 1867 almoniam,
899 1803 944 1873 qui
965 1802 998 1858 ad
1015 1823 1071 1875 sup

279 1878 380 1947 plicium
394 1881 434 1933 est
447 1879 585 1947 profectus,
594 1883 624 1932 ut
633 1876 709 1932 fidem
721 1877 790 1931 hosti
799 1877 883 1931 datam
896 1885 1072 1944 conservarem

279 1971 331 2006 non
348 1954 398 2007 duo
417 1954 554 2023 Scipiones,
572 1954 616 2023 qui
633 1953 683 2007 iter
700 1953 785 2007 Poenis
796 1953 837 2008 vel
854 1954 1004 2024 corporibus
1022 1956 1072 2010 suis

279 2029 411 2084 obstruere
426 2029 575 2094 voluerunt;
596 2047 648 2083 non
666 2047 742 2083 arum
759 2033 833 2082 tuum
850 2029 880 2083 L.
891 2029 1047 2102 Paullum,q

279 2109 361 2159 morte
377 2105 424 2159 luit
437 2104 539 2174 collegae
555 2104 582 2158 iu
595 2105 721 2159 Cannensi
732 2104 870 2175 ignominie
885 2106 1033 2161 temeritate
1063 2146 1072 2172 ,

278 2197 330 2232 non
351 2181 388 2234 M.
403 2181 560 2245 Marcellum,
583 2181 655 2251 cujus
679 2181 809 2234 interitum
831 2195 863 2234 nc
883 2181 1073 2237 crudelissimus

279 2256 379 2323 quidem
396 2256 477 2309 hostis
494 2256 589 2310 honore
602 2255 739 2325 sepulturae
751 2273 836 2310 carere
849 2273 941 2325 passus
954 2262 995 2312 est
1002 2279 1011 2324 3
1029 2258 1072 2313 sed

278 2330 390 2398 legiones
411 2337 519 2394 nostras,
539 2330 608 2400 quod
629 2331 719 2401 scripsi
738 2331 766 2384 in
785 2331 948 2401 Oripim'bcs,
967 2332 995 2387 in
1016 2352 1072 2388 enm

278 2423 344 2474 saepe
362 2406 444 2458 locum
463 2406 589 2474 profectas
608 2406 685 2460 alacri
702 2407 785 2460 auimo
803 2411 829 2460 et
847 2415 940 2475 erecto,
959 2409 1029 2464 unde
1045 2426 1071 2462 se

277 2500 414 2551 numquam
435 2481 559 2535 redituras
584 2481 775 2536 arbitrarentur.
811 2480 885 2546 Quod
907 2482 990 2553 igitur
1013 2484 1070 2539 adc-

277 2557 408 2622 lesoentes‚
428 2562 454 2611 et
475 2557 493 2610 ii
514 2557 614 2627 quidem
635 2575 687 2611 non
707 2557 788 2611 solum
808 2557 911 2622 indocti,
931 2559 1070 2616 sedetiam

241 2635 374 2701 76rustici,
387 2637 558 2697 contemnunt,
573 2633 599 2687 id
617 2634 686 2687 docti
704 2651 777 2687 senes
795 2634 982 2690 extimescent?
1014 2639 1070 2692 Om-

277 2710 344 2773 nino,
364 2714 394 2762 ut
412 2710 474 2763 mihi
492 2708 592 2778 quidem
611 2709 720 2775 videtur,
738 2708 880 2762 studiorum
897 2711 1013 2766 omnium
1034 2729 1070 2766 sa·

277 2786 353 2838 lictus
366 2785 425 2838 vitae
434 2785 495 2838 facit
509 2785 661 2838 satietatem.
686 2786 751 2838 Sunt
764 2785 878 2854 pueritiae
887 2791 959 2840 certa
970 2787 1068 2842 studia:

277 2876 339 2912 num
357 2860 435 2929 igitur
447 2878 477 2915 ea
488 2859 632 2914 desiderant
650 2859 840 2916 adolescentes?
876 2862 943 2917 Sunt
959 2862 1069 2918 ineuntis
