2575 3367
393 301 442 350 DE
461 301 636 351 AMICITIA.
666 302 739 351 CAP.
755 304 792 359 14,
806 305 842 352 16.
982 304 1014 351 at

225 419 311 470 autem
328 415 424 471 virtute
445 415 559 486 prodito,
577 433 615 481 eo,
636 415 681 486 qui
698 415 739 470 vel
755 433 847 481 amare,
862 415 911 482 vel,
928 421 958 472 nt
978 416 1015 471 ita

225 492 315 556 dicam,
328 490 456 546 redamare
468 492 557 562 possit,
571 509 622 547 non
632 490 767 546 admodum
780 490 919 548 deleotaril
942 491 1015 548 Nihil

225 571 266 622 est
277 567 344 622 enim
356 568 558 624 remuneratione
570 567 759 632 benevolentia,
769 566 832 621 nihil
841 567 1015 623 vicissitudine

226 642 368 698 studiorum
391 644 579 715 officiorumque
601 643 759 714 jucundius..
794 642 868 709 Quod
891 643 915 698 si
938 645 1054 703 etiamne

225 717 289 773 illud
304 717 427 784 addimus,
440 719 507 790 quod
524 722 593 774 reete
609 718 668 774 addi
683 721 776 790 potest,
791 717 854 772 nihil
871 734 934 782 esse,
948 718 1016 788 quod

226 794 363 851 adseren
378 795 456 850 ullam
471 799 525 850 mm
541 795 634 851 allioiat
650 799 742 850 ettam
759 794 878 859 attrahat,
893 812 968 865 quam
984 793 1017 848 ad

227 869 363 924 amicitiam
377 870 531 938 similitudo;
550 871 703 927 eoneedetur
718 870 833 942 profecto
846 888 935 925 verum
951 888 1015 936 esse,

226 948 257 1007 ut
269 945 349 1001 bonos
361 945 421 1001 boni
433 946 546 1018 diligant,
558 947 750 1018 adsoiseautque
763 947 813 1002 sibi
828 947 900 1019 quasi
915 947 1017 1021 propiu-

227 1022 489 1093 quitateeoujuuctos
500 1028 576 1095 atque
588 1027 687 1079 natura
723 1023 796 1078 Nihil
810 1028 851 1078 est
862 1023 929 1079 enim
942 1040 1017 1094 appe·

227 1097 324 1152 tentius
354 1098 472 1154 similium
501 1100 549 1167 sui,
573 1100 636 1155 nihil
664 1100 787 1170 rapacius,
813 1117 889 1170 quam
917 1104 1017 1153 natura

229 1173 395 1237 Quamobrem
412 1175 460 1230 hoo
474 1175 582 1246 quidem,
596 1175 677 1230 Fanni
690 1180 717 1231 et
733 1175 851 1239 Scaevola,
865 1178 973 1240 uouebat,
986 1180 1017 1229 ut

227 1248 324 1318 opinor,
345 1250 418 1306 bonis
439 1252 506 1306 inter
526 1251 606 1307 bonos
627 1252 699 1323 quasi
722 1250 888 1305 neeessariam
909 1248 1017 1305 benevo-

227 1324 330 1379 lentiam
354 1344 424 1381 esse:
456 1327 500 1398 qui
522 1331 563 1382 est
586 1326 703 1382 amicitias
726 1325 783 1379 fons
807 1342 823 1379 s
845 1328 938 1379 natura
957 1343 1017 1380 oon-

228 1401 343 1456 stitutus.
380 1401 431 1456 Sed
450 1402 537 1458 eadem
556 1401 657 1457 bonItas
678 1401 754 1455 etiam
775 1400 807 1455 ed
829 1399 1017 1456 multitudinem

228 1476 346 1546 pertinet.
382 1478 444 1532 Non
464 1482 504 1533 est
524 1477 591 1533 enim
611 1477 749 1532 inhumana
766 1477 848 1531 uirtus
868 1493 951 1546 neque
970 1477 1017 1530 im-

227 1552 311 1611 munis
331 1570 413 1623 neque
433 1553 557 1624 superba:
581 1555 734 1624 quinetiam
755 1552 863 1624 populos
885 1552 1018 1606 universos

228 1627 302 1691 tueri,
316 1627 402 1698 eisque
413 1629 509 1700 optime
520 1629 651 1684 consulere
666 1628 762 1694 soleat;
781 1628 849 1700 quod
859 1645 911 1682 non
922 1628 1017 1683 lauerat

229 1702 350 1772 prolecto,
369 1704 392 1759 si
408 1722 424 1759 a
440 1705 547 1759 uanitate
558 1704 629 1775 vulgi
647 1703 801 1759 abhorreret.
836 1704 923 1775 Atque
940 1703 1053 1760 etiamtl

228 1777 290 1832 mihi
303 1779 403 1849 quidem
416 1779 540 1844 videntur,
554 1780 599 1850 qui
615 1779 735 1834 utilitatis
750 1796 827 1833 eausa
841 1779 941 1849 lingunt
956 1779 1018 1833 ami·

229 1853 310 1919 oitias,
335 1855 539 1912 amabilissimum
563 1853 657 1910 nodum
681 1853 798 1909 amicitie
821 1854 918 1909 tollere.
955 1854 1018 1909 Non

228 1930 296 1984 enim
311 1934 363 1985 tam
379 1932 478 1987 utilitas
494 1934 567 2003 parta
582 1948 627 2001 per
643 1930 758 1995 amioum,
772 1947 846 2000 quam
863 1929 936 1984 aulici
948 1947 1018 1984 amor

228 2007 283 2076 ipse
296 2007 420 2074 delectat;
438 2012 544 2079 tumque
559 2005 622 2062 illud
634 2006 672 2070 lit,
684 2005 752 2077 quod
768 2005 800 2061 ab
812 2006 893 2060 amieo
904 2012 944 2061 est
959 2024 1018 2076 pro-

228 2083 332 2148 leotum,
347 2083 495 2154 jucundam,
512 2085 534 2139 si
552 2101 611 2139 oum
627 2081 713 2136 studio
729 2086 769 2136 eat
786 2082 945 2159 profestum:
962 2085 1018 2136 tau·

228 2163 334 2230 tumque
346 2159 425 2227 abest,
434 2167 464 2215 ut
477 2159 592 2215 amicitia
605 2162 711 2228 propter
716 2156 880 2228 indigentiam
893 2157 1016 2222 uolantum

228 2239 259 2291 ut
270 2236 296 2301 ii,
310 2237 352 2308 qui
364 2237 454 2307 opibus
466 2241 493 2293 et
505 2236 584 2306 oopiis
595 2236 753 2305 maximeque
764 2235 860 2289 virtute
871 2233 979 2306 prediti,
990 2234 1018 2289 in

228 2329 279 2383 qua
297 2312 432 2382 plurimum
449 2317 489 2368 est
507 2313 624 2384 presidii,
637 2313 740 2368 minime
757 2313 860 2368 alterius
878 2311 1016 2382 indigeant,

228 2387 396 2443 liberalissimi
411 2390 463 2444 sint
475 2393 502 2444 et
513 2389 741 2444 benolioeutissimi.
777 2391 864 2461 Atque
877 2387 945 2443 haud
957 2387 1017 2453 seio,

228 2482 263 2533 an
279 2482 311 2519 ne
328 2482 392 2535 opus
410 2465 445 2519 sit
465 2464 573 2536 quidem,
591 2465 655 2520 nihil
673 2483 792 2537 umquam
811 2465 912 2520 omnino
930 2463 1017 2518 deame

229 2540 322 2595 amicis.
347 2540 399 2596 Ubi
410 2541 476 2596 enim
488 2540 574 2596 studia
585 2545 673 2597 nostra
683 2541 834 2612 viguissent,
845 2540 868 2595 si
878 2555 1018 2609 numquam

229 2616 342 2681 oonsilio,
354 2634 489 2688 numquam
506 2634 583 2687 opera
597 2621 693 2682 nostra,
706 2635 753 2671 neo
767 2616 835 2671 domi
850 2632 898 2670 neo
913 2613 1016 2677 militiae,

230 2692 315 2762 Seipio
333 2692 469 2763 eguisset?
505 2693 566 2747 Non
584 2692 664 2764 igitur
680 2692 818 2748 utilitatem
836 2690 953 2755 amicitia,
972 2689 1017 2744 sed

230 2769 328 2824 utilitas
340 2768 476 2824 amieitiam
487 2772 623 2824 aonseouta
634 2772 682 2822 est

265 2844 325 2900 XV.
348 2844 412 2902 Non
434 2862 495 2915 ergo
518 2848 593 2900 amnt
620 2843 734 2899 homiues
757 2841 853 2897 deliciis
876 2840 1056 2897 diffluentem
