2575 3367
292 459 324 506 88
583 454 631 502 DE
650 452 803 503 olricus

291 554 367 620 bent3
386 558 493 621 anteon,
507 572 570 627 queo
581 572 634 610 non
644 552 754 623 expedit.
790 551 818 607 Si
830 550 1014 623 imprudentes,
1026 570 1084 621 ueg-

291 630 401 700 ligentioe
420 635 475 687 est:
501 632 524 687 ni
546 631 663 695 seientes,
685 628 844 685 temeritatis.
887 628 1022 685 Utendum
1047 632 1083 683 ent

291 707 366 761 etiam
385 708 546 764 excusatione
562 706 683 763 adversus
700 724 752 770 eos,
767 723 831 776 quoe
848 705 946 760 invitus
963 705 1081 767 onmem

291 802 448 856 quaenmqne
460 784 548 856 possit,
561 801 639 856 quere
654 783 688 848 id,
698 781 765 854 quod
777 781 874 846 leceris,
883 799 987 837 necesse
1000 782 1081 846 luerit,

291 879 337 915 nee
354 861 427 916 aliter
444 861 527 916 faeere
545 859 674 931 potueris:
693 859 835 929 ceterisque
850 857 936 929 operio
952 863 980 915 et
998 859 1082 915 officiis

290 937 338 990 erit
350 937 383 1001 id,
397 937 465 1007 quod
478 936 597 992 violatum
610 942 658 1002 ent,
672 934 892 1006 compensandum.

250 1017 281 1063 69
324 1013 382 1067 xx
401 1012 451 1067 Sed
474 1032 552 1084 quum
575 1014 604 1068 iu
626 1012 770 1067 hominibus
787 1010 908 1083 juvandis
929 1015 976 1066 unt
1000 1029 1081 1067 mereo

289 1089 405 1157 spectari,
417 1093 462 1143 unt
475 1090 578 1144 fortune
589 1089 685 1155 eoleet3
703 1088 774 1143 dietu
792 1087 892 1159 quidem
904 1091 946 1143 eet
962 1089 1080 1158 proclive,

288 1164 374 1235 itaque
397 1165 474 1235 vulgo
497 1166 644 1237 loquuntur,
668 1184 696 1220 ne
719 1166 747 1220 in
770 1163 897 1220 benefieiis
924 1164 1078 1221 collocandis

288 1260 369 1295 meren
385 1242 521 1308 hominum,
534 1260 586 1297 nou
601 1242 729 1297 fortunam
747 1241 827 1312 nequi.
863 1240 984 1297 Honeste
1001 1242 1082 1296 orntio

286 1322 333 1372 ost.
372 1318 421 1373 Sed
440 1319 496 1390 quin
515 1323 555 1374 ert
572 1318 685 1385 tandem,
705 1318 749 1389 qni
770 1318 853 1388 inopis
874 1321 900 1372 et
921 1317 1014 1388 optimi
1035 1319 1082 1375 viri

287 1412 368 1450 eausae
380 1414 431 1451 non
447 1399 584 1466 anteponat
596 1395 623 1450 in
637 1413 715 1464 opere
731 1393 814 1449 danda
830 1394 938 1465 gratiam
957 1394 1082 1451 lortuuuti

287 1476 313 1526 et
336 1474 466 1543 potentis?
503 1476 524 1525 A
546 1490 596 1543 quo
617 1472 685 1528 enirn
708 1470 849 1543 expeditior
868 1473 895 1526 et
915 1470 1024 1527 eelerior
1044 1490 1082 1527 re

287 1551 427 1603 nmneretio
440 1549 493 1604 fore
505 1548 614 1614 videtur,
627 1549 653 1602 in
665 1566 722 1603 eum
741 1548 794 1602 lere
806 1552 845 1602 ent
863 1546 982 1603 voluntas
995 1553 1082 1603 nostru

287 1626 440 1696 propensior.
478 1625 528 1680 seu
540 1623 790 1679 animadvertendum
803 1628 843 1678 est
854 1623 1012 1693 diligentius,
1026 1643 1081 1697 quae

286 1706 378 1754 nutura
396 1720 480 1755 rernm
499 1701 540 1756 sit.
575 1701 702 1756 Nimirum
719 1700 785 1755 euim
803 1701 875 1770 inops
892 1700 942 1764 ille,
961 1701 986 1756 ni
1001 1700 1082 1757 bonno

286 1784 326 1830 est
339 1777 384 1842 vir,
395 1777 471 1831 etiam
482 1776 503 1830 oi
515 1777 610 1832 referre
619 1777 727 1849 gratiam
741 1795 792 1832 non
804 1780 896 1847 potest,
906 1775 1001 1832 habere
1013 1784 1082 1833 eerte

286 1857 379 1923 potest.
415 1853 552 1908 Commode
568 1859 661 1919 autem,
679 1854 831 1924 quicumque
848 1852 921 1918 dixit,
938 1855 1081 1923 pamniam

285 1931 333 2000 qui
341 1929 436 1994 luadeot,
446 1947 501 1983 non
514 1929 656 1984 reddidisse
662 1947 675 1992 ;
692 1931 740 2001 qui
749 1928 898 1995 reddiderit,
906 1947 962 1982 non
973 1929 1079 1984 dedere:

281 2007 399 2075 proriam
411 2015 504 2072 auum,
516 2007 599 2077 etqui
613 2005 738 2072 retulerit,
750 2005 840 2059 dedere
847 2022 861 2069 ,·
881 2014 904 2059 ei
919 2005 968 2075 qui
983 2005 1081 2072 debeat,

284 2084 405 2138 retulisse.
445 2083 490 2147 At,
504 2083 547 2153 qni
564 2100 591 2136 ee
608 2081 756 2152 locupletes,
769 2080 912 2145 honoratos,
931 2080 1021 2136 beutoe
1037 2101 1081 2153 pu·

285 2163 349 2220 tant,
362 2160 380 2214 ii
391 2178 423 2215 ne
435 2159 541 2230 obligari
554 2158 655 2230 quidem
668 2158 788 2213 beneficio
801 2157 897 2213 volunt.
923 2158 1081 2223 Quinetiam

284 2237 433 2292 beneficium
451 2257 478 2292 se
497 2237 595 2292 dedisse
614 2237 777 2301 arbitrantur,
796 2254 874 2306 quum
894 2236 944 2305 ipsi
965 2239 1080 2306 quumvis

284 2333 401 2383 magnum
415 2313 516 2384 aliquod
528 2313 686 2384 acceperint;
706 2318 782 2382 utque
799 2315 874 2366 etiam
888 2331 942 2367 ese
955 2314 1080 2381 postulari

284 2396 328 2443 aut
345 2390 487 2460 exspectari
502 2390 597 2460 aliquid
614 2389 794 2459 suspieentur:
816 2388 955 2459 patrocinio
974 2408 1035 2445 vero
1053 2409 1080 2446 oe

243 2476 343 2525 tonsos
364 2477 409 2520 unt
428 2467 533 2520 clientes
553 2465 679 2536 appellari,
699 2465 788 2520 mortis
809 2467 889 2520 instar
907 2470 1008 2535 putent.
1046 2473 1080 2524 At

283 2561 342 2597 vero
361 2543 402 2597 ille
420 2542 512 2606 tenuis,
532 2560 618 2612 quum,
636 2542 760 2613 quidquid
781 2543 876 2597 loetum
896 2543 939 2607 eit,
961 2560 990 2597 oe
1011 2562 1080 2614 npee

282 2624 373 2684 tutum,
387 2637 439 2673 nou
451 2620 578 2673 fortunam
593 2623 674 2689 putat,
688 2637 739 2672 non
751 2619 825 2673 mode
840 2619 883 2684 illi,
897 2619 940 2689 qui
952 2625 993 2673 eet
1005 2620 1080 2675 meri·

282 2702 333 2761 tue,
356 2696 400 2750 sed
421 2695 497 2751 etium
521 2695 578 2760 illis,
600 2714 616 2750 e
636 2695 728 2766 quibus
752 2702 892 2766 exspectnt,
914 2697 988 2766 (eget
1011 2697 1078 2751 euim

281 2773 389 2842 multis)
400 2778 500 2844 gratum
511 2790 539 2827 ee
549 2771 628 2827 videri
636 2771 739 2827 studet:
759 2791 841 2843 neque
851 2790 910 2826 vero
919 2772 1003 2827 verbio
1013 2790 1080 2843 erige

282 2869 356 2904 suum
369 2868 468 2914 munus,
482 2849 503 2904 si
516 2867 566 2920 quo
583 2850 649 2903 ferte
662 2849 785 2919 iungitur,
798 2848 843 2903 sed
859 2849 934 2903 etium
947 2854 1079 2904 extenuet.

281 2926 476 2995 Videndumque
495 2925 556 2980 illud
575 2929 624 2990 ent,
647 2925 722 2995 quod,
746 2927 768 2981 si
792 2926 939 2996 opulentum
964 2926 1080 2979 lurtum·

281 3005 388 3074 tumque
400 3002 549 3070 defenderis,
560 3002 587 3057 in
599 3019 650 3057 uno
663 3001 706 3057 illo
715 3007 761 3057 aut
772 3003 794 3059 ei
806 3003 873 3058 lorte
885 3003 912 3058 in
923 3002 1009 3059 liberio
1022 3003 1079 3074 ejuu
