2575 3367
288 314 320 362 ’ὅθ
576 309 626 358 DE
642 310 803 359 OFllCldS'·

286 423 352 482 Qum
375 437 416 476 ree
439 420 520 492 igitur
543 425 617 492 gesta
639 439 760 493 nmquam
780 421 807 475 in
827 419 892 475 bello
911 423 1005 478 tenta?
1029 419 1078 492 'qu'r

240 507 271 557 ld
286 499 430 568 triumphus
443 497 629 553 conferendus?
665 499 740 553 Licet
758 498 825 552 enim
840 498 911 562 mihi,
927 498 1018 554 Marce
1033 497 1079 561 file

285 576 354 646 apud
366 580 392 630 te
409 574 521 646 gloriari,
534 574 566 629 ed
582 593 657 645 quem
674 580 700 629 et
717 573 847 630 hereditas
862 575 940 642 hujue
951 574 1040 644 glane
1049 576 1079 628 et

285 651 410 707 lentorum
430 651 539 707 imitatio
566 651 685 721 pertinet.
728 650 795 706 Mili
819 650 921 721 quidem
944 657 1017 706 certe
1038 649 1079 717 pis

284 727 415 784 abundans
431 727 527 782 bellicis
543 725 669 794 laudibus,
685 727 732 781 Cn
744 727 890 797 Pompeius,
903 726 992 782 multis
1007 725 1076 783 audi·

285 805 395 872 entibus,
411 804 460 858 hoe
476 802 575 868 tribuit,
588 811 621 858 ut
638 803 743 869 diceret,
759 803 856 858 frustm
872 821 901 857 ue
918 803 1079 873 triumphum

285 882 390 936 tertium
410 879 602 950 deportaturum
621 880 709 944 fuisse,
727 881 777 935 nisi
797 898 853 935 meo
875 879 902 934 in
922 880 1081 951 republican*

285 956 415 1021 beneficio,
426 955 471 1010 ubi
482 955 659 1027 triumpharet,
672 961 741 1012 esset
752 956 893 1012 habiturus.
919 956 986 1012 Sunt
998 957 1076 1027 igitur

285 1034 430 1090 domesticae
454 1033 617 1088 fortitudines
640 1053 693 1088 non
711 1034 843 1090 inferiores
862 1033 1031 1089 militaribuu:
1050 1033 1082 1088 im

285 1110 377 1182 quihus
390 1109 447 1180 plue
459 1109 544 1177 etium,
556 1128 630 1180 quem
648 1110 732 1179 inhia,
744 1129 826 1182 operm
840 1109 970 1181 studiique
981 1127 1077 1180 ponem

285 1187 344 1241 dum
357 1194 405 1242 eat.

242 1275 271 1324 le
319 1263 423 1319 XXIII.
431 1261 761 1328 Omninoilludhoneetum,
770 1262 1076 1334 quudexenimoexeeleo

283 1339 1085 1485 llfflsstliffilffitllt‘alltllfltlli

283 1492 385 1547 obedire
397 1491 656 1562 eoneiliouatiouique
672 1491 753 1562 possit
770 1492 798 1546 in
813 1490 983 1562 exsequendis
1000 1509 1076 1562 negu-

283 1568 327 1622 tiis
340 1572 366 1622 et
378 1569 405 1622 in
419 1566 504 1621 labore
516 1566 654 1622 tolerando.
690 1568 837 1623 Honestum
854 1573 940 1622 autem
955 1567 989 1632 id,
1007 1566 1083 1638 quod

285 1644 450 1714 euquirimmu,¹
462 1648 545 1697 tetum
559 1647 598 1698 est
610 1644 721 1714 positum
734 1645 850 1699 inanimi
864 1662 925 1699 eura
939 1647 967 1698 et
979 1645 1076 1716 eogita-

285 1721 371 1776 tione:
401 1720 434 1775 in<
449 1737 499 1790 quo
519 1738 572 1774 non
592 1720 715 1775 minorem
734 1722 871 1777 utilitatem
892 1721 1010 1786 afferunt,
1032 1719 1076 1792 qui

284 1797 367 1869 togati
375 1796 519 1868 reipubliuae
527 1801 648 1867 presunt,
657 1816 732 1868 quam
742 1799 786 1871 qui
794 1798 887 1854 bellum
896 1805 997 1868 gerunt.
1022 1799 1075 1853 Ita·

286 1894 335 1946 que
348 1893 434 1930 eorum
447 1873 552 1928 eonsilio
570 1892 636 1945 sepe
649 1879 757 1930 autnon
772 1879 891 1945 suscepta
902 1878 947 1929 aut
959 1875 1084 1932 eonfeeta·

284 1949 350 2006 bellu
366 1953 434 2016 eunt,
452 1952 642 2022 nonnumquam
659 1951 736 2005 etiam
753 1951 837 2008 illata:
864 1955 895 2006 ut
912 1951 952 2006 M.
971 1951 1088 2006 damam

285 2025 378 2082 bellum
393 2026 518 2083 Punicum
536 2027 642 2082 tertium
650 2049 657 2094 ;
682 2027 868 2099 inaquoaetiam
883 2028 979 2082 mertui
994 2027 1076 2083 valuit

241 2113 272 2158 80
285 2106 430 2160 auctoritas.
466 2103 552 2164 Quare
565 2103 706 2174 expetenda
721 2104 829 2176 quidem.
838 2105 919 2174 magis
930 2106 971 2159 eet
988 2104 1077 2160 deeer·

254 2217 259 2222 ·
283 2179 358 2233 nendi
370 2179 443 2245 ratio,
455 2198 531 2248 quam
544 2179 690 2236 decertandi
702 2180 842 2236 fortitudo:
867 2181 914 2236 sed
924 2181 1083 2248 emendum

283 2272 316 2308 ne
327 2254 355 2308 id
365 2253 476 2309 bellandi
487 2255 569 2326 magis
581 2256 651 2327 fuga,
665 2275 741 2328 quem
756 2257 878 2313 utilitatis
888 2257 1076 2350 rationesaciff·
1088 2313 1091 2318 .

283 2349 347 2385 mus.

318 2406 418 2461 Bellum
431 2410 515 2461 autem
528 2407 565 2462 ita
578 2409 739 2481 suscipiatur,
752 2413 786 2465 ut
798 2409 862 2464 nihil
872 2409 950 2475 aluid,
962 2409 1078 2482 nisirpae

284 2483 391 2555 quesita
411 2482 535 2538 videatur.
571 2484 657 2540 Fortis
678 2505 739 2542 vero
759 2491 786 2542 et
807 2488 948 2542 eonstantis
965 2493 1006 2542 est
1023 2507 1077 2545 non

284 2559 427 2632 perturbari
437 2560 465 2614 in
476 2559 557 2615 rebue
565 2562 666 2632 asperis,
680 2580 727 2618 nee
738 2564 938 2619 tumultuantem
950 2563 981 2618 de
993 2564 1077 2636 gradu

284 2636 366 2706 dejici,
380 2642 410 2693 ut
428 2637 538 2703 dieitur;
561 2637 605 2692 sed
621 2640 742 2708 praesenti
759 2640 843 2695 animo
859 2641 898 2695 uti
915 2645 942 2696 et
960 2642 1090 2708 consiliu·

239 2722 268 2768 ⁸1
284 2714 476 2768 ueneratione
493 2713 629 2769 discedere.
666 2715 827 2787 Quamquam
845 2717 893 2772 hoe
911 2717 995 2782 animi,
1012 2716 1076 2773 illud

284 2789 360 2843 etiam
380 2789 474 2860 ingenii
489 2789 575 2861 magni
593 2794 640 2855 est,
654 2792 789 2862 praeeipere
807 2793 961 2863 eogitatione
978 2794 1074 2861 futura,

283 2868 311 2919 et
329 2863 457 2936 aliquante
476 2870 535 2922 ante
556 2867 719 2934 constituere,
738 2867 800 2940 qnid
817 2869 930 2925 accidere
947 2873 1030 2942 possit
1049 2874 1092 2928 in'
