2575 3367
502 313 570 362 LIB.
589 313 609 364 1.
628 317 703 367 CAP.
720 321 759 367 82
996 321 1028 368 48

230 426 312 480 ceant.
360 423 394 479 Id
417 423 484 479 onim
507 424 616 480 maxime
639 444 765 498 quemque
789 425 870 494 decet,
895 429 963 498 quod
987 433 1027 485 est

230 506 356 572 cujusque
373 500 482 557 maxime
501 520 584 557 suum.
620 503 700 558 Saum
717 504 825 576 quisque
842 504 921 575 igitur
939 511 1027 562 noscat
1038 506 1085 553 114

229 578 367 650 ingenium,
381 595 514 648 amensque
526 597 554 634 ιι
570 579 733 635 othonorum
746 586 772 635 et
792 580 909 635 vitiorum
923 600 1027 638 suorum

227 655 340 726 judioem
353 653 479 724 prebeat:
504 673 537 710 no
549 656 643 711 scenici
655 657 720 727 plus,
734 675 809 728 quam
826 675 880 722 nos,
894 657 1028 713 videantur

228 731 323 787 habero
346 729 496 801 prudentiae.
538 731 581 786 Illi
604 732 672 787 enim
695 750 746 787 non
769 732 887 803 optimus,
910 733 956 788 sed
979 734 1028 790 sibi

229 807 502 864 aoeommodatissimas
513 807 612 863 fabulas
624 808 738 879 eligunt:
757 809 801 880 qui
814 827 874 864 voca
887 809 947 864 freti
958 815 1028 878 sunt,

228 884 361 956 Epigonos
373 885 544 955 Medumqu03
563 886 607 956 qui
619 891 703 957 gestu,
715 885 894 956 Menalippum,
909 887 1028 958 Clytum·

228 965 359 1027 nestram
386 979 486 1033 semper
503 961 631 1032 Rupilius,
651 981 726 1034 quem
744 980 792 1033 ego
809 963 918 1028 memini,
935 965 1027 1020 Antio·

229 1055 302 1108 pam:
330 1055 382 1092 non
400 1056 467 1109 supe
487 1038 600 1110 AEisopus
621 1039 733 1110 Ajacem.
777 1039 847 1110 Ergo
867 1040 957 1096 histrio
978 1041 1028 1098 hoo

229 1113 326 1169 ridebit
344 1114 371 1169 in
388 1132 471 1180 suana,
483 1133 536 1171 non
552 1115 649 1171 videbit
667 1116 767 1187 sapiens
785 1116 825 1171 vir
841 1117 869 1172 in
883 1117 955 1173 vitu?
984 1117 1027 1173 Ad

229 1208 292 1261 quus
315 1190 397 1262 igitur
419 1209 461 1247 res
484 1192 609 1264 aptissimi
632 1193 734 1258 erimus,
759 1192 787 1246 in
809 1192 841 1247 iis
866 1194 1026 1263 potissimum

229 1265 422 1322 elaborabimus.
458 1268 504 1324 Sin
515 1268 650 1339 aliquando
666 1267 805 1323 necessitas
822 1285 868 1322 nos
887 1269 918 1323 ad
936 1288 966 1325 ea
984 1270 1027 1325 de-

229 1343 345 1409 truserit,
368 1362 424 1414 qua
444 1345 527 1400 nostri
549 1345 645 1416 ingenii
668 1345 824 1408 nonerunt,
851 1345 933 1400 omnis
957 1345 1027 1401 adhi-

171 1476 172 1480 ,
229 1419 313 1475 benda
336 1420 387 1476 erit
410 1438 479 1488 oura,
501 1422 639 1487 meditatio,
662 1420 801 1492 diligentia,
823 1423 853 1475 ut
874 1439 911 1487 en,
933 1421 1027 1478 sinon

171 1535 173 1545 .
230 1495 329 1564 deeora,
353 1502 381 1552 at
405 1515 480 1568 quam
510 1498 614 1553 minime
637 1498 756 1554 indecore
779 1499 863 1555 facere
893 1499 1026 1571 possimus.

230 1572 288 1629 Neo
302 1576 356 1629 tam
374 1577 415 1629 est
433 1575 588 1641 enitendum,
605 1578 636 1629 ut
651 1574 724 1642 bona,
740 1593 796 1646 quae
811 1577 884 1633 uobis
900 1576 960 1632 duta
975 1595 1027 1632 non

230 1649 289 1716 sint,
302 1668 447 1721 sequamur,
460 1669 535 1721 quam
547 1655 578 1707 ut
590 1651 653 1706 vitiu
665 1651 800 1723 fugiamus.

264 1726 383 1781 XXXII.
404 1727 445 1782 Ao
463 1726 561 1783 duabus
582 1727 614 1782 iis
635 1729 758 1799 personis,
779 1747 842 1800 quus
867 1746 945 1800 snpra
965 1728 1084 1794 diuino

229 1803 307 1859 tertis
319 1802 475 1876 adjungitur,
483 1822 557 1875 quam
567 1821 641 1859 rasus
651 1804 728 1875 aliqui
737 1810 782 1860 aut
793 1808 895 1876 tempus
905 1806 1024 1876 imponit:

230 1884 323 1952 quarta
334 1880 419 1945 otiam,
433 1899 508 1952 quam
520 1881 647 1937 nobismet
659 1881 708 1952 ipsi
716 1881 815 1952 judicio
827 1886 916 1937 nostro
929 1899 1028 1936 aooom·

171 2007 172 2011 ,
230 1958 371 2014 modernus.
401 1957 470 2013 Nam
481 1957 687 2030 regnaimperia,
696 1958 850 2023 nobilitates,
861 1958 977 2021 honores,
989 1957 1027 2012 di·

188 2052 192 2083 ··
230 2035 307 2101 vitiae,
320 2051 390 2106 opes,
403 2051 491 2106 eaque,
504 2053 560 2104 quaa
577 2038 637 2089 suut
649 2034 690 2090 lris
702 2034 835 2102 contraria,
848 2034 876 2088 in
891 2052 951 2088 casu
968 2033 1025 2099 sita,

229 2111 387 2182 temporibus
400 2110 582 2183 gubernantur.
615 2111 672 2182 Ipsi
684 2116 768 2167 sutem
781 2128 869 2181 gerere
882 2128 957 2179 quam
970 2128 1027 2180 per·

171 2240 172 2246 ,
229 2207 317 2244 sonam
335 2188 450 2254 velimus,
469 2191 590 2242 anostra
607 2187 740 2244 voluntate
757 2187 933 2258 proficiscitur.
971 2187 1026 2243 Ita-

171 2304 172 2310 ,
229 2283 279 2336 qua
295 2283 324 2321 se
342 2265 384 2321 alii
402 2264 435 2320 ad
452 2264 645 2336 philosophiam,
665 2264 708 2319 alii
725 2263 814 2334 adjus
833 2263 914 2329 oivilo,
934 2263 976 2319 alii
994 2263 1027 2320 ad

171 2381 172 2391 .
229 2342 400 2414 eloquentiam
424 2341 566 2413 applicant:
593 2341 757 2412 ipsarumque
780 2341 904 2396 virtutum
928 2341 955 2395 in
978 2341 1027 2396 alia

171 2447 174 2477 ε
230 2419 293 2474 alius
314 2417 413 2474 mavult
432 2418 561 2474 excellere.
597 2419 712 2483 Quorum
729 2435 790 2472 vero
808 2422 893 2488 putres
912 2421 1082 2475 suntme-116

171 2531 174 2542 ·
228 2495 295 2566 iores
316 2495 401 2567 aliqua
417 2495 498 2566 gloria
516 2495 699 2565 prestiterunt,
719 2494 737 2549 ii
755 2494 860 2550 student
878 2494 1026 2564 plerumque

171 2609 175 2618 ι
189 2584 192 2607 ⁴
229 2572 317 2628 eodem
329 2572 357 2626 in
369 2589 463 2644 genere
474 2571 556 2626 laudis
568 2571 708 2626 exoellera:
730 2575 760 2625 ut
774 2573 806 2633 Q.
820 2569 931 2633 Mucius,
945 2569 974 2622 P.
987 2567 1025 2633 R,

171 2673 174 2707 ι
230 2648 324 2721 injure
336 2648 412 2713 oirili,
425 2647 508 2703 Paulli
520 2648 586 2703 illius
599 2646 735 2702 Airioanns
747 2647 774 2702 in
786 2664 813 2700 ra
825 2644 936 2699 militari.
966 2643 1027 2709 Qui·

171 2761 175 2771 ·
230 2725 285 2782 lam
298 2728 385 2781 autom
403 2724 435 2779 ad
447 2742 490 2780 eas
508 2723 603 2789 landos,
617 2741 680 2793 quas
698 2741 714 2778 a
731 2721 847 2794 patribus
865 2723 1025 2789 aeceperunt,

171 2848 173 2865 ‚
230 2803 327 2858 addunt
339 2802 447 2872 aliquam
462 2819 549 2855 suam:
576 2801 659 2855 uthio
676 2799 743 2855 idem
758 2798 892 2851 Africanus
909 2795 1027 2866 eloquen-

230 2881 265 2937 tia
276 2879 418 2938 summario
430 2877 545 2934 bellicam
560 2876 681 2949 glorium:
706 2874 774 2946 quod
786 2873 852 2929 idem
871 2873 932 2930 feeit
943 2873 1028 2929 Timo·
