2575 3367
278 306 310 352 50
567 302 616 350 DE
634 303 789 350 osrrcns

277 422 369 468 natura
387 412 524 483 petendum
542 417 597 468 est:
623 432 710 468 verum
728 413 836 469 alterum
857 415 1011 471 exercitatio
1030 433 1068 469 su·

277 490 355 560 gebit,
375 490 481 545 alterum
505 490 614 545 imitatio
638 508 726 561 presse
749 490 909 561 loquentium
929 498 958 548 et
978 493 1068 548 leniter.

278 567 350 622 Nihil
366 567 415 622 fuit
432 567 460 622 in
478 567 583 633 Catulis,
603 571 633 622 nt
651 585 695 622 eos
713 567 840 638 exquisito
854 567 955 636 judicio
973 574 1069 641 putores

278 645 318 699 uti
341 645 487 699 literarum:
512 663 718 715 -quamquam
741 648 815 698 erant
842 644 955 701 literati:
984 645 1069 701 sedet

278 721 322 776 alii
333 744 382 777 -ι
401 721 524 775 hiantem
537 721 633 792 optime
648 721 690 776 uti
700 721 789 792 lingua
799 720 895 776 Latina
910 723 1070 792 putabantur.

280 798 362 852 Sonus
380 800 435 852 erat
453 796 549 864 dulcis;
578 798 660 854 literae
680 816 765 869 neque
785 816 913 868 expressae
930 817 1016 871 neque
1031 817 1071 870 op·

279 892 379 945 pressae,
392 891 424 927 ne
437 878 482 927 aut
493 873 629 928 obscurum
642 879 711 929 esset
722 878 768 929 aut
780 874 907 945 putidum.
943 876 1007 932 Sine
1018 893 1072 931 oon·

279 950 393 1005 tentione
409 968 458 1004 vos
470 969 517 1005 nec
528 950 651 1021 languens
663 969 711 1006 nec
728 969 827 1006 canoro.
863 951 978 1007 Uberior
995 951 1072 1008 oratio

279 1027 310 1083 L.
333 1026 426 1094 Crassi,
447 1044 493 1083 neo
514 1027 597 1082 minus
619 1029 719 1094 iaceta3
746 1027 792 1082 sed
814 1027 879 1083 bene
903 1030 1027 1098 loquendi
1043 1027 1072 1083 do

281 1103 378 1157 Catulis
391 1103 540 1172 opinionon
550 1104 640 1160 minor.
678 1104 735 1159 Sale
751 1121 812 1159 voro
828 1107 855 1158 et
867 1103 969 1161 facetiis
983 1106 1071 1170 omar,

281 1180 364 1234 caruli
376 1181 455 1251 patris
467 1180 553 1246 frater,
567 1181 628 1236 vicit
640 1199 744 1246 omnes3
763 1185 794 1236 ut
809 1181 905 1252 inipso
920 1181 966 1237 illo
983 1181 1073 1238 forensi

280 1275 372 1327 genere
389 1256 489 1312 dicendi
504 1257 680 1312 contentiones
697 1257 802 1312 aliorum
821 1275 937 1313 sermone
955 1259 1073 1316 vinceret.

281 1334 314 1388 In
331 1334 448 1390 omnibus
467 1335 546 1405 igitur
563 1335 603 1388 his
619 1333 798 1389 elaborandum
812 1338 862 1402 est,
874 1334 897 1388 si
913 1335 941 1390 in
957 1337 1028 1392 omni
1039 1353 1072 1400 ro,

226 1423 273 1470 134
281 1412 342 1481 quid
360 1411 454 1477 deceat,
474 1411 636 1482 exquirimus,
674 1411 714 1466 Sit
730 1429 791 1482 ergo
808 1410 850 1466 bic
867 1429 960 1478 sermo,
979 1413 1073 1483 inquo

282 1488 403 1542 Socratici
415 1488 523 1543 maxime
541 1488 676 1553 excellunt,
689 1488 753 1542 lenis
768 1487 922 1558 minimeque
938 1490 1072 1560 pertinen

280 1563 341 1618 insit
353 1563 380 1617 in
392 1582 422 1618 eo
438 1563 515 1634 lepos.
551 1565 609 1620 Nec
623 1583 691 1632 vero,
703 1569 832 1636 tamquam
846 1565 873 1619 in
887 1567 1073 1635 possessionem

281 1658 352 1695 suam
364 1641 470 1708 venerit,
481 1640 600 1695 excludat
617 1641 694 1708 alios;
713 1640 758 1696 sed
776 1660 854 1712 quum
870 1642 975 1712 reliquis
992 1644 1021 1698 in
1036 1661 1074 1697 ro·

280 1716 336 1783 bus,
352 1720 408 1770 tum
425 1716 453 1770 in
468 1735 583 1773 sermone
598 1717 726 1772 communi
741 1717 941 1773 vicissitudinem
959 1738 1015 1774 non
1027 1719 1073 1774 ini·

281 1812 355 1864 quam
376 1796 424 1864 put
439 1797 459 1848 t.
502 1795 541 1848 Ac
562 1793 646 1848 videat
667 1794 694 1848 iu
714 1794 811 1865 primis,
831 1794 924 1865 quibus
945 1795 978 1850 do
999 1796 1073 1852 rebus

281 1871 415 1942 loquatur:
441 1871 745 1936 siseriis,sever1tatcm
767 1870 900 1939 adhibeam
925 1872 949 1927 si
968 1872 1072 1941 jocosis,

280 1947 399 2018 leporem.
444 1948 477 2002 In
496 1948 636 2019 primisque
659 1947 799 2019 provideat,
820 1967 853 2003 ne
876 1966 959 2003 sermo
984 1949 1074 2005 vitium

282 2025 383 2096 aliquod
398 2024 492 2080 indicet
510 2025 593 2080 inesse
609 2024 637 2078 in
653 2025 782 2079 moribus:
804 2023 873 2094 quod
889 2025 1001 2081 maxime
1017 2029 1072 2081 tum

282 2103 346 2157 solet
361 2104 468 2170 evenire,
481 2122 559 2174 quum
576 2100 690 2157 studiose
705 2101 737 2156 de
753 2100 908 2165 absentibus,
925 2100 1075 2157 detrahendi

282 2197 366 2242 cansa,
378 2183 423 2232 aut
435 2197 480 2249 per
492 2178 634 2242 ridiculum,
646 2181 692 2232 aut
703 2196 798 2243 severe,
811 2177 932 2232 melodice
943 2186 1072 2233 contume-

229 2260 273 2306 135
283 2254 394 2323 lioseque
406 2254 507 2308 dicitur.
537 2254 675 2310 Habentur
686 2259 772 2309 autem
784 2254 931 2325 plerumque
943 2271 1072 2309 semones

283 2334 327 2383 aut
347 2329 379 2382 do
398 2328 542 2384 domesticis
562 2330 680 2401 negotiis,
702 2335 747 2385 aut
768 2329 800 2385 de
820 2330 957 2401 republica,
975 2335 1021 2386 aut
1041 2329 1072 2384 de

283 2406 376 2460 artium
388 2405 480 2460 studiis
492 2409 569 2476 atque
585 2405 707 2462 doctrino.
743 2406 835 2462 Danda
846 2406 925 2477 igitur
936 2425 1015 2476 opera
1025 2411 1071 2470 est,

283 2488 320 2548 ut,
334 2481 444 2539 etiamsi
459 2481 575 2537 aberrare
589 2482 622 2537 ad
639 2483 688 2537 alia
702 2483 812 2554 eruperit,
824 2482 857 2537 od
870 2483 927 2538 haec
940 2488 1073 2540 revocetur

283 2560 371 2625 oratio.
417 2557 475 2624 Sed,
496 2562 635 2630 utcumque
656 2559 771 2625 aderunt,
791 2561 884 2631 (neque
902 2559 968 2615 enim
986 2579 1072 2616 omnes

283 2637 372 2692 iisdem
390 2635 422 2691 de
440 2635 524 2698 rebus,
541 2654 588 2690 neo
606 2636 813 2706 omnitempore,
832 2653 879 2691 neo
896 2635 1014 2692 similiter
1031 2637 1073 2692 de-

282 2713 425 2782 lectamus)
439 2711 687 2769 anirnudverteudum
699 2716 739 2767 est
751 2712 835 2776 etiam,
849 2717 974 2783 quatenus
991 2732 1082 2768 sermo·

283 2789 473 2844 delectationem
489 2788 596 2843 habeat:
615 2792 650 2855 et,
663 2792 693 2843 ut
711 2788 847 2859 incipiendi
858 2789 923 2843 ratio
939 2789 1026 2860 fucrit,
1038 2790 1082 2847 ita,

283 2864 317 2919 sit
328 2865 458 2921 desinendi
469 2865 566 2921 modus.
