2575 3367
346 339 484 388 LAELIUS
503 339 551 386 DE
568 335 748 385 AMICITIA.
780 336 853 383 CAP.
874 338 892 383 1.
983 334 1014 381 37

220 454 319 522 putata,
331 451 412 504 multa
428 452 504 504 etiam
516 449 628 504 breviter
645 450 672 502 et
687 446 818 501 commode
835 447 904 499 dicta
921 461 1014 497 memo

220 529 265 582 riae
273 527 428 590 mandabam,
437 527 543 595 fierique
556 524 688 578 studebam
698 526 753 592 ejus
766 522 901 592 prudentia
910 521 1014 574 doctior.

221 604 283 662 Quo
295 609 404 666 mortuo,
418 621 458 656 me
471 602 502 655 ad
516 601 660 671 pontificem
673 598 809 654 Scaevolam
823 597 926 662 contuli,
940 614 1013 666 quem

221 698 301 734 unum
313 684 407 733 nostroe
421 678 531 732 civitatis
550 681 576 731 et
595 677 697 746 ingenio
709 680 736 729 et
746 675 847 743 justitia
859 673 1016 743 praestantis-

221 757 314 810 simum
328 754 408 809 audeo
421 755 511 808 dicere.
549 753 599 807 Sed
614 752 645 806 dc
660 753 709 806 hoo
721 752 796 805 alias:
815 767 883 803 nunc
895 748 970 802 redeo
983 748 1014 801 ad

223 851 354 901 augurem.
391 831 478 889 Quum
498 848 565 900 saepe
586 829 750 893 multatum
770 827 880 892 memini,
900 825 968 879 domi
988 824 1041 878 int

222 907 371 978 hemicyclio
392 906 530 970 sedentem,
551 912 580 959 ut
599 905 703 969 solebat,
726 923 804 974 quum
825 908 851 958 et
871 921 918 973 ego
933 920 1014 956 essem

222 1003 275 1040 una
295 989 321 1037 et
341 984 415 1052 pauci
435 981 568 1036 admodum
591 981 734 1044 familiares,
753 981 781 1034 in
799 999 856 1034 eum
875 996 1016 1033 sermonem

223 1061 296 1115 illum
308 1059 426 1125 incidere,
439 1058 549 1128 quitum
562 1058 615 1111 sere
632 1056 748 1111 omnibus
765 1062 820 1110 crat
832 1058 859 1110 in
870 1074 921 1109 ore.
957 1057 1016 1108 Me·

223 1136 320 1191 ministi
332 1137 398 1190 enim
411 1135 533 1204 profecto,
548 1133 641 1198 Attice,
656 1141 682 1186 et
694 1151 724 1187 eo
737 1134 824 1203 magis,
839 1132 907 1202 quod
918 1132 948 1186 P.
959 1131 1017 1185 Sul·

224 1213 290 1283 pinio
303 1211 408 1266 utebare
421 1210 527 1265 multum
540 1232 547 1275 3
567 1229 643 1280 quum
657 1210 679 1262 is
692 1208 809 1263 tribunus
822 1209 902 1276 plebis
914 1207 1017 1277 capitali

224 1289 283 1343 odio
295 1306 311 1342 a
323 1289 355 1346 Q.
366 1287 494 1357 Pompeio
506 1287 550 1356 qui
562 1291 616 1339 tum
630 1290 685 1340 erat
697 1285 792 1350 consul,
805 1284 945 1348 dissideret,
956 1300 1017 1354 quo·

224 1383 284 1420 cnm
296 1363 502 1434 conjunctissime
510 1368 536 1416 et
545 1362 717 1416 amantissime
727 1361 833 1428 vixerat,
843 1364 938 1431 quanta
949 1362 1017 1414 esset

225 1442 355 1496 hominum
371 1440 412 1494 vel
428 1439 560 1493 admiratio
576 1439 617 1492 vcl
633 1438 742 1508 querela.
780 1440 871 1507 Itaque
882 1442 937 1491 tum
951 1438 1041 1492 Scae-3

225 1517 290 1583 vola,
299 1535 377 1587 quum
389 1516 416 1569 in
428 1534 483 1570 eam
495 1516 577 1584 ipsam
586 1516 739 1569 mentionem
751 1514 888 1578 incidisset,
899 1515 1017 1584 exposuit

225 1594 298 1649 nobis
311 1610 450 1647 sermonem
458 1592 530 1645 Laelii
539 1590 571 1644 dc
584 1591 700 1655 amicitia,
711 1590 826 1645 habitum
835 1591 867 1646 ab
876 1591 919 1645 iilo
931 1608 1017 1645 secum

226 1675 253 1725 et
271 1688 328 1724 oum
347 1668 427 1722 altero
445 1685 538 1736 genero
557 1669 583 1721 0.
598 1668 703 1731 Fannio,
720 1669 759 1721 M.
770 1667 808 1731 F,
823 1668 910 1736 paucis
928 1667 1017 1722 dicbus

225 1750 285 1816 post
301 1749 408 1798 mortem
425 1743 547 1796 Africani.
590 1743 656 1812 Ejus
677 1743 857 1812 disputationis
879 1744 1017 1798 sententias

226 1821 354 1876 memoriae
374 1819 504 1884 mandavi3
531 1836 593 1888 quas
615 1819 663 1873 hoo
683 1818 747 1873 libro
768 1819 873 1887 exposui
894 1818 1018 1872 arbitratu

226 1916 297 1969 meo:
317 1896 388 1967 quasi
401 1896 468 1949 enim
484 1896 552 1964 ipsos
570 1894 660 1948 induxi
673 1894 813 1965 loquentes,
826 1913 858 1950 ne
870 1898 980 1965 iuquam
991 1898 1018 1949 et

226 1977 314 2044 inspuit
326 1973 418 2042 sapius
431 1972 643 2040 interponeretur,
657 1974 734 2041 atque
746 1976 776 2024 ut
788 1975 916 2041 tamquam
930 1989 945 2023 a
957 1989 1018 2039 proe·

227 2050 342 2103 sentibus
362 2067 446 2102 coram
466 2047 553 2101 haberi
573 2065 656 2101 sermo
675 2047 811 2101 videretur.
847 2048 933 2105 Quum
951 2047 1044 2100 enims

227 2143 295 2194 saepe
312 2142 410 2178 mecum
428 2141 524 2193 ageres,
538 2129 568 2177 ut
585 2123 616 2177 de
635 2123 746 2177 amicitia
763 2122 897 2177 scriberem
915 2122 1019 2193 aliquid,

227 2200 305 2271 digna
319 2200 381 2254 mihi
395 2217 436 2253 res
454 2218 533 2269 quum
550 2199 662 2253 omnium
684 2199 835 2269 cognitione,
858 2205 912 2253 tum
931 2204 1020 2254 nostra

226 2276 398 2331 familiarItatc
411 2276 464 2329 visa
476 2279 523 2330 est.
559 2275 652 2346 ltaque
664 2275 713 2330 Ieci
724 2293 776 2330 non
787 2276 890 2340 invitus,
903 2281 933 2330 ut
945 2276 1020 2346 prod·

227 2372 309 2407 essem
328 2351 414 2406 multis
432 2358 524 2421 rogatu
538 2356 591 2406 tuo.
628 2353 686 2416 Sed,
705 2353 780 2407 utin
799 2354 894 2407 Catone
910 2354 1018 2422 Majore,

227 2430 272 2496 qui
293 2433 333 2483 est
354 2428 465 2498 scriptus
486 2428 518 2481 ad
538 2432 566 2482 te
585 2428 618 2482 de
632 2434 771 2494 senectute,
792 2431 912 2484 Catonem
931 2429 1019 2483 induxi

227 2523 313 2560 senem
334 2504 515 2574 disputantem,
536 2505 596 2574 quia
615 2505 686 2559 nulla
705 2506 839 2560 videbatur
859 2507 942 2574 aptior
962 2524 1019 2576 per-

227 2600 297 2646 sona,
310 2600 368 2651 quae
386 2579 417 2634 dc
435 2580 479 2634 illa
495 2585 571 2636 aetate
589 2581 744 2651 loqueretur,
759 2599 835 2652 quam
853 2585 917 2650 ejus,
930 2581 974 2651 qui
992 2586 1019 2636 et

227 2658 371 2713 diutissime
383 2675 461 2710 senex
473 2656 571 2720 fuisset,
585 2663 612 2712 et
624 2658 652 2712 in
662 2658 718 2728 ipsa
729 2661 861 2712 senectute
874 2662 967 2727 prator
979 2676 1019 2712 ce-

227 2739 298 2790 teros
316 2734 460 2787 floruisset:
488 2734 533 2796 sic,
552 2752 630 2803 quum
655 2735 838 2804 accepissemus
860 2751 875 2786 a
895 2733 1017 2803 patribus,

227 2811 337 2866 maxime
354 2810 541 2864 memorabilem
553 2810 583 2864 0.
593 2811 667 2865 Laelii
678 2815 705 2865 et
716 2812 746 2865 P.
755 2810 879 2881 Scipionis
892 2810 1019 2864 familiari-

227 2892 309 2945 tatem
320 2886 406 2952 fuisse,
420 2886 510 2942 idonea
520 2885 583 2942 mihi
594 2887 668 2944 Laelii
679 2905 788 2957 persona
795 2888 850 2942 risa
861 2891 909 2952 est,
920 2905 976 2958 quc
987 2887 1020 2942 de
