2575 3367
266 295 296 342 14
537 288 627 338 CATO
645 292 765 341 Mesoa

264 402 353 467 voluit,
366 401 407 456 cui
422 401 511 456 fuerim
528 405 675 472 occupatus.
710 403 747 456 At
763 400 847 456 minus
864 401 959 458 habeo·

226 489 258 536 88
266 496 339 549 quam
352 478 463 532 vestrlrm
480 476 593 534 utervis!
625 477 724 532 Nesos
739 476 841 548 quidem
857 477 888 532 Τ.
900 477 959 533 Pon

265 553 373 608 turionis
385 554 451 608 vires
462 553 575 609 habetis:
594 572 656 608 num
668 552 761 608 idcirco
773 557 812 607 ast
821 552 865 608 ille
877 559 959 624 praest

265 630 410 686 Moderatio
438 629 513 684 modo
537 629 628 685 virium
652 629 726 694 adsit,
750 634 778 684 et
800 632 914 698 tantum,
938 649 960 702 ql

266 711 359 778 potest,
379 706 485 777 quisque
502 706 614 772 nitatnr;
637 723 678 760 nae
695 705 737 760 ille
753 722 806 759 non
822 723 919 776 magno
937 706 960 761 di

267 783 396 838 tenebitur
409 782 497 837 virium
509 785 515 836 l
545 780 669 851 Olympia
680 798 726 851 per
737 779 849 834 stadium
860 781 960 854 ingresi

267 859 333 914 Milo
351 857 451 926 dicitnr,
469 876 546 928 quum
566 857 678 911 humeris
699 856 837 911 sustineret
855 856 950 912 bovem

267 935 363 988 Utrum
387 934 466 1004 igitur
485 933 531 987 has
552 933 673 1002 corporis,
690 950 724 987 an
743 932 900 1004 Pythagora
920 933 959 989 tib

268 1010 334 1064 vires
358 1009 453 1080 ingenii
476 1007 551 1063 dari?
586 1008 704 1079 Denique
726 1008 777 1062 isto
800 1007 868 1063 bono
892 1013 960 1064 utam

268 1085 350 1151 adsit;
369 1103 448 1156 quum
463 1084 582 1150 absitus
595 1083 723 1155 requiras:
741 1084 791 1138 nisi
802 1083 870 1138 forte
887 1085 960 1141 adole

268 1162 409 1232 pueritiam,
429 1160 541 1231 paullum
558 1163 634 1215 aetate
654 1159 782 1231 progressi
799 1159 959 1216 adolescenti

268 1237 331 1294 bent
348 1237 482 1309 requirere.
519 1236 616 1290 Cursus
633 1239 674 1290 est
694 1239 779 1291 certus
799 1237 886 1291 aetatis
904 1241 933 1292 et
952 1256 960 1291 1

269 1325 374 1380 naturae,
387 1330 466 1384 eaque
477 1311 591 1382 simplex,
603 1329 699 1382 suaque
710 1312 800 1384 cuique
812 1312 882 1384 parti
899 1317 960 1368 aetat

270 1390 402 1461 pestivitas
418 1392 458 1444 est
470 1387 545 1453 data;
563 1390 593 1441 ut
608 1395 636 1442 et
651 1387 783 1442 infirmitas
798 1406 947 1458 puerorum,

270 1467 334 1520 citas
350 1469 482 1537 juvenum,
503 1467 530 1518 et
553 1462 665 1533 gravitas
681 1466 736 1534 jam
759 1465 903 1519 constantis
926 1469 960 1520 ret

271 1541 410 1596 senectutis
421 1539 554 1594 maturitas
565 1539 681 1593 naturale
693 1537 811 1610 quiddam
822 1539 925 1605 habeat,
935 1559 960 1612 qi

232 1614 384 1686 altempore
408 1615 502 1685 percipi
525 1614 623 1669 debeat.
659 1613 755 1668 Audire
778 1619 805 1668 le
828 1614 948 1680 arbitror,

270 1693 361 1762 hospes
380 1697 440 1746 tuus
458 1692 541 1746 avitus
560 1691 698 1746 Masinissa
716 1711 771 1762 quoe
789 1691 866 1746 faciat
884 1693 960 1748 hodie

270 1770 343 1842 ginta
354 1772 433 1825 'natus
449 1785 542 1822 annos:
562 1786 640 1838 quum
657 1768 786 1838 ingressus
798 1769 848 1822 iter
859 1769 960 1839 pedibu

271 1864 362 1917 equum
375 1843 477 1900 omnino
488 1861 540 1896 non
551 1843 701 1909 ascendam
720 1862 796 1914 quum
806 1861 881 1914 equo,
892 1862 926 1899 ex
937 1863 960 1900 o(

271 1920 436 1983 descendere:
456 1919 525 1974 nullo
536 1919 623 1983 imbre,
637 1919 706 1973 nullo
718 1919 811 1989 frigore
823 1918 924 1984 adduci,
938 1939 960 1976 u·

271 2002 360 2069 operto
383 1996 432 2061 sit;
456 2012 580 2049 summam
600 2012 656 2048 essa
676 1994 704 2048 in
721 2012 752 2048 eo
772 1996 886 2065 eorporis
906 1995 959 2052 sico

270 2074 356 2144 itaque
372 2071 457 2127 omnia
473 2070 578 2140 exsequi
595 2070 663 2139 regis
680 2070 760 2124 officia
777 2074 804 2125 et
821 2089 937 2126 munera

271 2151 351 2221 igitur
371 2147 518 2205 exercitatio
539 2149 570 2201 et'
589 2146 757 2216 temperantia
779 2147 856 2202 etiam
880 2148 908 2202 in
932 2166 960 2203 se

272 2243 419 2280 conservare
431 2223 525 2294 aliquid
537 2222 637 2293 pristini
650 2221 755 2276 roboris.

306 2302 355 2355 XI.
373 2301 435 2355 Non
452 2304 513 2354 sunt
530 2301 558 2353 in
576 2302 707 2353 senectute
724 2298 809 2352 vires?
838 2298 883 2353 Ne
901 2305 960 2370 post

272 2376 373 2447 quidem
385 2377 451 2430 vires
464 2393 479 2430 a
490 2380 629 2431 senectute.
665 2375 735 2444 Ergo
747 2379 774 2428 et
785 2374 886 2445 legibus
898 2382 926 2432 et
939 2377 960 2431 i1

272 2456 345 2507 vacat
357 2456 418 2506 aetas
434 2455 522 2506 nostra
537 2450 684 2506 muneribus
700 2451 738 2517 iis,
751 2469 807 2520 qua
819 2469 871 2506 non
887 2471 960 2523 possi

271 2529 367 2584 viribus
388 2528 516 2582 sustineri.
556 2527 648 2597 Itaque
668 2545 720 2580 non
740 2526 824 2591 modo,
844 2529 914 2597 quod
936 2549 960 2585 ni

273 2624 368 2670 sumus,
389 2603 434 2659 sed
455 2622 487 2658 ne
509 2609 632 2673 quantum
656 2621 790 2672 possumus
811 2604 923 2674 quidem,
946 2626 960 2662 c

234 2694 265 2740 35
274 2683 309 2734 At
326 2681 363 2734 ita
380 2680 453 2734 multi
468 2686 528 2734 sunt
540 2679 657 2733 imbecilli
676 2697 755 2741 senes,
769 2683 798 2732 ut
816 2680 914 2734 nullum
929 2683 960 2736 ofl

272 2757 374 2810 omnino
386 2757 445 2811 vitre
456 2774 548 2810 munus
560 2755 663 2824 exsequi
677 2755 781 2824 possint.
812 2758 849 2809 At
861 2757 888 2811 id
901 2760 960 2828 quid

273 2832 402 2901 proprium
422 2830 561 2886 senectutis
580 2834 620 2883 est
639 2830 737 2897 vitium,
755 2830 799 2884 sed
817 2849 954 2890 commune
