2575 3367
448 308 516 359 Lm.
534 307 555 357 l.
574 308 648 356 CAP.
666 311 706 366 28,
723 311 761 356 24.
971 312 1008 358 δι’

208 425 344 490 utramque
365 424 481 489 partem:
506 422 542 485 et,
561 416 622 491 quid
641 417 765 490 agendum
785 417 827 483 sit,
846 436 924 490 quum
943 417 1011 491 quid

208 497 338 561 avenarit3
365 513 413 550 nee
429 497 595 560 oommittere7
608 498 639 550 ut
657 494 792 566 aliquando
805 495 940 550 dicendum
952 497 1003 551 eit:

208 577 265 629 Non
279 574 417 626 Pataram.
447 574 510 628 Haeo
523 575 582 626 aunt
595 589 672 643 opera
683 572 770 642 magni
782 572 860 627 animi
871 577 898 627 et
910 571 1010 627 erneisi

208 655 231 705 at
243 648 384 720 prudentia
395 648 552 719 consilioque
563 647 673 703 fidentia.
698 648 804 703 'lomere
816 654 901 703 autem
913 648 941 702 in
952 648 1006 703 aeia

208 725 313 789 uersari,
326 729 353 780 et
364 742 440 778 manu
453 743 510 779 oum
523 725 597 780 hoste
609 725 752 796 oonfligere,
766 725 875 780 immane
887 723 1007 796 quiddam

208 808 232 858 at
250 801 386 857 beluarum
402 801 484 856 simile
499 805 556 856 est
581 800 627 857 aad
645 820 723 872 quum
736 807 838 872 tempus
854 801 1012 856 necessitas·

208 896 258 951 que
271 881 330 948 post
318 877 392 944 iulet,
406 877 587 934 decertandum
605 896 684 934 manu
701 885 749 945 eat,
762 882 789 933 et
802 896 869 934 mors
887 877 1007 933 servituti

208 953 415 1026 turpitudinique
427 954 609 1026 anteponenda.

241 1030 346 1086 XXIV
365 1031 406 1086 De
423 1031 624 1086 evertendist
579 1035 624 1085 aut
625 1049 666 1085 em
678 1029 877 1102 diripiendisque
890 1029 1004 1096 urbibus,
1019 1031 1059 1081 8ae

208 1107 285 1163 valde
296 1106 565 1172 oomiderandumtesu
576 1107 680 1180 nequid
692 1107 836 1163 erudeliter.
871 1106 953 1178 quue
965 1112 1006 1162 est

208 1184 261 1240 riri
279 1183 373 1254 magni,
387 1183 463 1238 rebus
479 1185 591 1255 agitatis,
603 1184 694 1254 punire
710 1187 803 1248 sontes,
817 1182 1007 1238 multitudinem

209 1277 371 1324 conservare,
379 1259 407 1313 in
418 1261 487 1315 omui
496 1261 599 1322 fortuna
608 1265 679 1316 reeta
688 1264 765 1331 atque
773 1259 880 1313 honesta
888 1260 1007 1314 retinere.

208 1337 249 1392 Ut
268 1335 337 1390 enim
354 1340 422 1401 sunt,
441 1336 657 1407 quemadmodum
675 1354 752 1406 supra
768 1335 827 1398 dixi,
842 1335 885 1406 qui
904 1335 1014 1389 urbanis-

208 1412 287 1468 rebus
301 1411 405 1466 bellinus
418 1416 588 1483 anteponant:
614 1413 652 1467 sie
669 1411 781 1482 reperias
798 1411 901 1475 multos,
915 1411 1013 1482 quibus·

208 1488 353 1559 periculosa
364 1493 391 1542 et
403 1488 484 1544 calida
495 1488 600 1544 consilia
611 1489 706 1560 quietis
718 1493 745 1544 et
754 1488 874 1560 eogitutia
886 1492 912 1543 et
925 1488 1008 1560 splen·

210 1564 310 1620 didiora
330 1568 357 1620 et
378 1565 474 1634 majora
494 1565 638 1621 videantur.
674 1565 823 1637 Numquam
841 1565 944 1621 omniuo
964 1584 1008 1637 pe·
1020 1575 1062 1623 83ν

210 1641 285 1696 rieuli
308 1640 371 1712 fuga
392 1642 602 1697 eommitteudum
622 1645 670 1706 eat,
688 1645 719 1696 ιιι
741 1641 855 1697 imbelles
875 1642 1008 1714 timidique

211 1717 342 1772 videamur
352 1737 367 1772 ε·
378 1717 423 1772 sed
434 1718 585 1787 fugiendum
597 1718 673 1773 etium
685 1717 756 1782 illud,
769 1737 802 1773 ue
814 1719 949 1774 offeramus
960 1738 1015 1773 nos

212 1792 331 1864 perieulis
354 1793 416 1848 sine·
431 1811 533 1849 causat
548 1812 598 1866 quo
618 1793 682 1848 uihil
703 1798 789 1864 potest
813 1813 870 1850 ease
894 1794 1009 1850 stultius.

213 1871 378 1940 Quapropter
395 1870 423 1924 in
440 1869 563 1925 adeundis
581 1869 701 1941 perieulis
717 1869 875 1926 oomuetudo
887 1870 1017 1925 imitanda·

212 1946 369 2002 medicorum
387 1951 435 2012 est.
454 1947 498 2018 qui
514 1946 605 2002 leviter
623 1950 778 2017 egrotantes
800 1946 892 2001 leniter
909 1949 1017 2010 aurant.
1056 1996 1058 2001 .

213 2021 371 2093 gravioribus
388 2027 473 2078 autem
486 2022 581 2078 morbis
598 2022 754 2094 parieulosas
771 2022 915 2077 curationes
927 2026 954 2076 et
966 2040 1010 2076 au,

213 2098 302 2169 uipites
315 2097 434 2154 adhibere
447 2103 581 2170 eoguntur.
613 2099 700 2158 Quare
712 2099 740 2152 in
751 2097 888 2169 tranquillo
900 2101 1010 2168 tempes-

212 2177 292 2229 tatem
309 2173 441 2230 adversam
457 2180 546 2246 optare
564 2174 690 2230 dementis
708 2178 756 2240 est,
770 2173 905 2229 subvenire
923 2179 1010 2230 autem

213 2250 361 2320 tempestati
379 2251 469 2322 quaris
486 2251 756 2322 ratione-sapientisz
781 2269 867 2323 eoque
880 2252 969 2324 magia,
988 2252 1018 2308 si·

213 2329 269 2397 plus
282 2328 424 2398 adipiscare
435 2347 462 2384 re
474 2329 600 2400 explicata
611 2329 679 2393 boui,
693 2348 770 2400 quam
781 2329 932 2385 addubitata
943 2330 1010 2385 malie

214 2404 368 2460 Periculosa
386 2409 472 2460 autem
490 2423 575 2460 rerum
593 2405 707 2460 actiones
726 2406 819 2475 partim
837 2406 1011 2477 iis-aunt,qui

215 2487 256 2536 eas
268 2481 420 2551 suscipiunt,
434 2481 525 2551 partim
539 2481 691 2550 reipublicae.
717 2482 836 2553 Itemque
850 2482 892 2536 alii
904 2481 936 2537 de
949 2482 1019 2546 vita„

215 2556 255 2612 ulii
267 2556 299 2612 de
311 2556 393 2628 gloria
405 2560 431 2611 et
442 2556 618 2612 benevolentia
630 2556 723 2612 oivium
735 2557 1020 2612 industriosum--

215 2637 264 2690 tur.
300 2633 409 2703 Prompt
397 2634 536 2688 tiorest
487 2634 536 2705 igit
537 2652 568 2687 ur
580 2632 702 2688 debemus
721 2652 778 2688 esse
796 2634 830 2688 ad
845 2637 934 2686 nostra
945 2632 1012 2701 peri·

216 2709 277 2774 oula,
282 2727 364 2781 qnam
374 2709 557 2764 adoommuuia
557 2707 744 2780 ,dimicareque
754 2709 868 2779 paratius
875 2707 907 2762 de
916 2708 1021 2763 bonore

217 2791 241 2840 et
252 2786 341 2857 gloria,
355 2803 430 2856 quam
443 2784 526 2840 det
486 2789 526 2840 oet
528 2785 577 2840 eris
590 2803 644 2840 eom
649 2785 738 2839 modis.
1063 2853 1065 2857 Ι

249 2861 354 2916 Inventi
371 2865 457 2915 autem
475 2861 549 2934 multi
527 2865 637 2926 dsunt
655 2860 699 2932 qui
718 2877 770 2913 non
785 2856 1017 2928 modepecuniam,
1025 2867 1062 2911 8⁴
