2575 3367
396 312 639 370 DE‘AMICITIA.
659 322 732 368 ose.
752 323 791 378 20,
809 324 847 369 ιι.
984 324 1015 369 ea

226 434 326 505 quidvis
343 432 441 488 deferre
459 431 491 486 ed
507 431 621 495 alterum,
637 430 772 487 videndum
791 435 831 486 est
847 442 939 496 temera
955 432 1016 502 qnid

225 511 268 566 ille
292 509 373 579 possit
397 508 531 563 sustinere.
568 508 677 562 Omnino
701 508 824 572 amicitie,
847 509 1015 564 corroboratis
1025 513 1057 563 74

224 587 277 657 jam
295 584 498 654 confirmatisque
516 587 543 638 et
561 583 669 654 ingeniis
687 587 714 638 et
731 582 857 647 statibus,
871 584 1016 654 judicanda

226 666 304 717 sunt:
323 679 376 725 neo,
389 660 412 714 si
430 659 474 731 qni
489 659 593 715 ineunte
610 663 686 714 aetate
702 659 810 714 venandi
826 664 871 714 aut
890 661 946 730 pilea
961 668 1016 716 stu·
1034 675 1037 681 '

226 737 292 792 diesi
304 737 407 804 inerint,
419 753 462 790 eos
478 735 571 790 habere
587 736 742 791 neeessarios
758 740 866 805 oportet,
881 755 944 807 qnos
960 741 1016 792 tum

227 813 314 870 eodem
336 812 421 867 studio
442 811 561 882 preditos
583 811 734 866 dilexerunt.
770 813 827 868 Isto
851 813 917 868 enim
941 814 1016 868 modo

226 890 340 946 nutrices
361 893 388 943 et
409 887 539 958 paedagogi
555 891 615 958 jure
632 890 769 943 vetustatis
787 889 922 959 plurimum
942 891 1017 946 bene-

227 966 345 1022 volentiae
357 963 539 1036 postulabunt:
557 963 601 1035 qni
615 964 759 1036 negligendi
771 966 871 1036 quidem
884 985 935 1021 non
947 972 1015 1032 snut,

227 1042 273 1097 sed
291 1040 340 1096 alio
358 1039 465 1111 quodem
484 1039 566 1094 modo.
603 1039 687 1095 Aliter
704 1040 820 1096 amieitire
837 1042 940 1098 stabiles
961 1062 1017 1114 per·

227 1135 329 1173 manere
348 1134 400 1171 nou
420 1119 536 1185 possunt.
572 1115 694 1186 Dispares
715 1116 782 1170 enim
805 1135 887 1174 mores
908 1118 1017 1190 disparia

228 1193 314 1248 studia
331 1196 479 1262 sequnntur,
499 1209 606 1263 qnorum
624 1191 801 1247 dissimilitudo
819 1193 938 1249 dissociat
956 1196 1018 1250 erni·

228 1270 322 1324 eitius:
353 1286 400 1323 neo
423 1267 456 1322 ob
480 1267 680 1327 aliemoanssm
703 1267 780 1322 ullam
803 1267 864 1324 boui
887 1270 1016 1341 improbis,

227 1343 336 1415 improbi
352 1343 425 1398 bonis
441 1343 515 1398 emioi
532 1361 588 1398 esse
603 1360 656 1397 non
671 1346 786 1413 possunt,
797 1344 848 1399 uisi
865 1345 933 1416 qnod
945 1352 1018 1402 tenta

228 1425 269 1476 est
285 1421 351 1475 inter
367 1437 418 1484 eos,
434 1423 528 1490 quanta
546 1419 655 1474 maxima
671 1422 757 1489 potest
773 1438 836 1489 esse,
848 1439 946 1477 morum
962 1427 1017 1479 stu-

229 1496 378 1567 diorumque
399 1496 526 1551 distantia.
563 1495 644 1551 Reate
664 1496 741 1550 etiam
761 1497 865 1568 praecipi
884 1503 970 1569 potest
991 1501 1057 1555 init

219 1572 354 1640 *amicitiis
374 1590 406 1626 ne
427 1573 594 1643 intemperata
614 1572 728 1644 quedem
748 1572 930 1642 benevolentia,
949 1570 1043 1648 qnod·⁴

229 1663 341 1718 persepe
352 1648 389 1712 fit,
402 1647 522 1718 impediat
533 1666 637 1719 magnes
650 1650 774 1706 utilitates
786 1651 930 1708 amisorum.
960 1654 1017 1710 Nee

229 1725 303 1790 enim,
313 1729 344 1779 nt
356 1723 492 1779 adfabulas
504 1724 612 1789 redeam,
621 1725 723 1794 Trojam
732 1727 916 1796 Neoptolemus
928 1746 1017 1798 cepere

229 1802 363 1872 potuisset,
382 1800 404 1854 si
427 1799 602 1872 Lycomedem,
622 1801 689 1871 apnd
711 1819 785 1873 quem
809 1808 863 1857 erat
887 1805 1017 1868 ednoatus‚

229 1877 317 1932 multis
341 1895 398 1933 anm
422 1876 530 1932 luerimis
553 1875 603 1931 iter
627 1894 700 1930 snum
728 1877 906 1948 impedientem
930 1878 1017 1935 endire

229 1953 358 2009 voluisset.
383 1953 418 2008 Et
430 1970 497 2024 sape
508 1952 623 2007 inoidnnt
635 1970 733 2024 magna
742 1970 789 2019 res,
799 1958 830 2008 nt
839 1954 1017 2010 disoedendnm

229 2029 264 2085 sit
280 2028 312 2083 ab
326 2029 428 2084 amieis:
447 2047 509 2099 quas
522 2028 566 2099 qni
577 2028 698 2099 impedire
711 2028 772 2094 vult,
786 2029 854 2100 quod
865 2029 1017 2086 desiderium

229 2124 281 2161 non
293 2104 366 2160 iaeile
378 2105 486 2170 feretis
503 2108 529 2159 et
545 2104 659 2159 infirmus
675 2109 715 2160 est
731 2105 863 2176 mollisque
878 2110 977 2171 natura,
990 2111 1017 2162 et

228 2182 262 2237 ob
274 2199 330 2236 eam
342 2181 422 2252 ipsam
434 2198 535 2237 oensem
547 2180 575 2235 in
586 2180 697 2236 emioitia
709 2199 796 2251 penum
807 2182 900 2252 justus.
931 2184 1017 2254 Atque
1027 2195 1057 2245 76

229 2259 256 2314 in
280 2257 350 2312 omni
372 2275 401 2312 re
421 2255 629 2312 oonsiderendnrn
653 2260 700 2324 est,
720 2261 747 2312 et
767 2257 828 2328 qnid
851 2257 965 2329 postules
985 2259 1017 2315 eb

230 2333 318 2398 amieo,
332 2337 359 2388 et
371 2332 432 2404 qnid
443 2333 753 2405 petieresteimpetrari.
1041 2334 1046 2343 “

264 2409 340 2464 XXI.
358 2409 408 2463 Est
419 2408 495 2463 etiem
508 2408 580 2480 quasi
592 2408 707 2480 quedam
718 2408 847 2465 edemitas
862 2408 889 2464 in
901 2410 1018 2466 amicitiis

230 2484 387 2541 dimittendis
408 2502 595 2555 nonnumquam
612 2485 769 2540 neeessaria:
789 2489 844 2555 jum
861 2487 927 2540 enim
946 2504 962 2539 a
978 2505 1018 2541 sa-

229 2561 353 2634 pientium
372 2560 585 2616 familiaritatibus
606 2560 637 2615 ad
656 2560 773 2632 vulgares
793 2561 915 2616 amicitias
936 2562 1018 2616 oratio

229 2641 319 2693 nostra
329 2635 463 2691 delabitur.
487 2636 632 2707 Ernrripunt
644 2655 711 2706 sape
720 2636 782 2690 vitis
793 2637 929 2691 amisorum
939 2655 1017 2707 qnnm

229 2714 257 2769 in
268 2714 337 2784 ipsos
349 2712 450 2776 amieos,
464 2716 520 2766 tum
532 2711 560 2766 in
569 2711 678 2778 alienos3
697 2729 804 2782 qnorum
816 2716 902 2766 tamen
914 2711 946 2766 ed
957 2713 1018 2767 ami·

229 2808 274 2846 eos
292 2787 418 2843 redundet
435 2787 545 2843 inlemia,
581 2787 655 2842 Tales
673 2787 753 2858 igitur
770 2786 885 2842 amicitie
903 2793 963 2841 sunt
981 2807 1019 2842 re·

230 2866 349 2922 missione
367 2883 429 2920 usus
447 2864 559 2947 elnende
577 2868 611 2929 et,
629 2869 660 2920 nt
679 2869 802 2920 Catonem
821 2864 905 2921 dicere
925 2863 1017 2928 andivi,
