2575 3367
262 322 293 373 78
546 317 595 365 DE
613 315 767 363 OFFICIIS

297 424 376 479 XIII.
396 422 445 489 Qui
462 422 542 493 igItur
560 421 665 492 adipisci
680 439 766 477 reram
784 420 893 492 glor-im
911 421 989 487 volet,
1004 422 1057 491 jua-

262 503 327 557 titiae
344 502 467 571 fungatur
485 499 579 554 officiis.
615 499 655 554 Ea
673 517 729 570 quae
747 504 840 568 esseut,
859 498 958 554 dictum
976 498 1055 555 estin

263 580 327 634 libro
339 578 476 649 superiore.

223 670 256 716 44
300 655 358 721 Sed,
374 653 553 726 absurditate,
564 653 653 723 qacler
666 651 758 718 rimus,
770 652 833 706 tales
847 669 898 706 crac
913 651 1058 712 videamur,

264 733 314 788 etsi
325 733 353 787 iu
368 749 398 786 co
414 731 470 801 ipso
486 730 524 785 vis
541 729 652 783 maxima
668 732 717 793 est,
730 733 760 782 ut
776 728 856 783 simus
871 728 901 793 ii,-
912 729 956 800 qui
973 726 1057 782 haberi

263 810 378 873 velimus,
391 813 477 861 tamen
489 805 604 877 quoedam
616 809 743 875 pmoepta
754 803 837 859 danda
848 808 920 860 sunt.
958 805 1024 861 Nam
1037 802 1059 858 si

189 912 193 920 ·
265 887 321 957 quis
334 884 365 939 ab
377 885 481 938 ineunte
493 887 569 938 oetate
581 882 659 937 habet
675 900 777 936 causum
795 881 954 937 celebritatis
972 885 1000 936 et
1016 898 1060 934 uc·

264 962 346 1027 minis,
360 968 405 1015 aut
417 979 432 1014 a
444 965 516 1030 patre
528 963 667 1029 acceptam,
677 959 758 1029 (quod
769 957 825 1022 tibi,
837 957 872 1013 mi
886 958 987 1026 Cicero,
998 956 1061 1011 arbi·

265 1043 320 1092 tror
331 1037 489 1106 contigisse)
502 1039 547 1089 aut
560 1034 643 1105 utiquo
653 1052 713 1089 cusu
726 1039 803 1105 atque
815 1035 920 1089 fortuna
931 1053 938 1089 ι
956 1034 985 1089 in
995 1034 1061 1089 huno

265 1114 332 1171 oculi
352 1114 464 1168 omnium
485 1111 662 1182 conjiciuntur,
684 1116 762 1182 atquc
780 1111 807 1165 in
827 1129 894 1176 cum,
913 1110 978 1182 quid
994 1113 1060 1181 agat,

266 1189 477 1264 quemadmodum
489 1189 566 1252 vivat,
579 1187 734 1258 inquiritur:
752 1192 786 1254 et,
796 1191 929 1259 tamquam
939 1187 967 1243 in
979 1187 1061 1243 claris·

267 1269 330 1322 sima
341 1268 397 1322 lnce
409 1270 533 1330 versetur,
546 1265 583 1319 itu
595 1263 693 1318 nullum
706 1264 842 1319 obscurum
854 1268 943 1335 potest
955 1282 1003 1320 uec
1014 1263 1060 1318 dic-

227 1355 257 1400 45
267 1350 323 1400 tum
335 1344 389 1415 ejus
401 1362 457 1399 esse
469 1360 516 1397 nec
532 1341 636 1396 sactum.
672 1340 788 1400 Quorum
805 1347 891 1396 autem
908 1342 992 1412 prima
1003 1346 1060 1396 aetas

267 1426 371 1491 propter
386 1419 556 1475 bmnilitatem
568 1420 598 1472 et'
610 1417 792 1473 obscuritatem
804 1418 833 1472 in
847 1417 981 1473 homiuum
993 1418 1061 1488 iguo·

267 1497 366 1551 ratione
386 1500 509 1559 versatur,
534 1494 554 1548 ii
574 1493 651 1548 simul
669 1511 699 1548 ac
715 1497 824 1564 juvenes
844 1512 902 1549 esse
923 1496 1060 1566 coeperunt.

268 1590 360 1642 magna
377 1576 492 1640 spectare
509 1574 536 1625 et
554 1569 586 1624 ad
604 1587 635 1624 ea
650 1570 728 1625 rectis
746 1570 838 1626 studiis
854 1570 951 1626 debent
963 1575 1062 1627 conten·

269 1647 344 1702 dere:
363 1647 431 1717 quod
446 1664 478 1701 eo
492 1646 602 1700 firmiore
620 1645 704 1701 auimo
721 1647 824 1712 faciant,
843 1647 975 1717 quianon
990 1645 1062 1702 modo

179 1770 182 1778 .
269 1743 321 1779 nou
339 1723 467 1778 inridetur
484 1723 521 1778 ilii
540 1723 618 1788 retati,
633 1741 721 1778 rerum
736 1724 812 1779 etiam
831 1723 944 1779 favetur.
980 1724 1063 1779 Prius

269 1806 309 1856 est
325 1801 405 1871 igitur
422 1799 575 1854 adolescenti
593 1799 778 1855 commendatio
795 1799 827 1855 ad
844 1800 961 1871 gloriarm
977 1801 1063 1871 siqua

269 1896 302 1933 ex
318 1877 415 1932 bellicis
431 1876 505 1930 rebus
521 1876 662 1946 comparari
678 1880 780 1946 potest;
799 1877 826 1931 in
844 1894 895 1947 qua
910 1877 987 1932 multi
999 1874 1063 1947 apud

270 1954 379 2024 majores
399 1958 500 2007 nostros
521 1953 692 2007 exstiteruntr
719 1971 819 2023 semper
838 1953 904 2007 euim
927 1953 982 2009 iera
1002 1952 1063 2009 belia

270 2030 432 2101 gerebantur.
459 2028 515 2083 'I'ua
526 2031 611 2084 autem
624 2033 687 2084 aetas
699 2029 789 2084 incidit
800 2029 866 2084 inid
877 2028 980 2095 bellum,
994 2030 1063 2101 cujus

270 2108 351 2162 ultera
373 2124 432 2177 pars
456 2104 558 2160 sceleris
581 2105 688 2160 nimium
711 2105 808 2172 habuit,
833 2105 914 2160 altera
937 2106 1063 2163 felicitati·

270 2200 370 2253 parum.
405 2182 465 2240 Quo
483 2185 569 2236 tamen
585 2181 704 2246 iubebo,
724 2201 801 2254 quum
819 2186 847 2237 ta
864 2182 1005 2252 Pompeius
1022 2183 1063 2239 ula

271 2257 345 2312 alteri
356 2255 517 2327 prefecisset,
530 2275 648 2329 magnam
665 2258 764 2313 laudem
783 2262 810 2314 et
827 2276 956 2314 asummo
973 2260 1063 2316 riroet

271 2332 303 2387 ab
324 2332 437 2386 exercitu
458 2335 644 2405 consequebare
665 2334 810 2407 equitando,
832 2335 978 2405 jaculando,
1000 2336 1063 2392 omni

272 2407 374 2462 militari
392 2406 478 2463 labore
498 2409 638 2466 tolerando.
674 2416 759 2482 Atque
778 2412 930 2482 ecquidem
950 2417 999 2468 tua
1015 2413 1063 2468 lam

272 2486 367 2556 pariter
378 2502 436 2539 cum
452 2485 581 2556 republica
597 2488 697 2543 cecidit.
733 2488 801 2543 Mihi
816 2493 902 2543 autem
917 2489 974 2545 haec
988 2490 1063 2546 oratio

272 2564 392 2632 suscepta
402 2560 497 2616 nonde
509 2566 536 2616 te
548 2566 595 2628 est,
606 2563 650 2618 sed
663 2564 695 2619 de
706 2583 799 2636 genere
810 2568 875 2619 toto.
896 2565 1063 2624 Quamobmn

234 2650 264 2694 46
274 2656 407 2709 pergamus
419 2638 452 2692 ud
463 2656 501 2704 ec,
514 2656 570 2709 quc
583 2645 689 2697 restant.
725 2642 764 2697 Ut
779 2642 860 2712 igitur
875 2642 903 2696 in
914 2643 1021 2714 reliquis
1031 2660 1063 2698 rc

274 2713 321 2768 bus
334 2713 415 2768 multo
427 2717 524 2783 majora
536 2719 597 2770 suut
609 2735 686 2787 opem
697 2719 782 2783 animi,
795 2737 872 2789 quam
883 2721 1016 2790 corporis:
1035 2718 1063 2774 sir

274 2809 310 2844 em
322 2809 370 2854 rcs,
384 2809 447 2861 quas
464 2792 571 2859 inqendo
583 2810 614 2846 ac
629 2796 732 2848 ratione
749 2795 933 2865 persequimur,
946 2799 1063 2867 gratiore

274 2872 342 2932 sunt,
357 2884 432 2939 quam
447 2866 504 2933 illc,
523 2885 586 2937 quas
605 2870 709 2927 viribus.
743 2871 830 2926 Prima
846 2872 927 2942 igitur
944 2891 1063 2930 commen
