2575 3367
379 321 427 368 DE
446 321 663 369 SENECTUTE.
694 322 768 370 CAP.
782 325 820 380 22,
833 326 873 370 23.
989 328 1020 373 33

216 426 320 496 fntavo
330 429 502 497 prospiciunt.
539 430 585 483 Ea
594 447 642 499 qno
656 431 821 498 intelliqitmr,
832 430 1021 501 qzmlesfntnri

225 504 290 565 sint,
312 521 392 572 qnam
410 522 435 556 ae
454 506 535 574 plane
554 506 671 574 corpoeis
694 507 810 557 vinealia
833 508 1016 561 relaxaverint.

228 579 323 644 Quare,
336 582 360 631 ai
377 582 427 633 lae
444 584 480 633 ita
498 590 567 646 sant,
578 583 617 633 sio
634 598 674 633 mie
691 582 795 647 nolitote,
812 589 842 633 nt
859 581 936 634 mnan
947 600 957 634 .·
975 586 1018 636 ain

225 674 282 708 nova
294 666 329 708 eat
342 657 611 709 interitvvnsanimns
620 674 680 708 enon
688 675 800 726 conpore,
808 675 851 708 vos
862 667 948 711 tamen
960 658 1018 712 deva

224 742 342 795 verentes,
361 735 405 801 qni
424 733 493 785 lione
512 750 612 785 oannem
632 732 852 802 palchritudinem
871 742 977 786 tnemtnr
994 742 1017 788 et

224 817 326 874 veqntat,
350 812 491 861 memoriam
514 811 598 861 nostri
619 809 665 877 pie
683 809 852 878 inviolateque
874 808 1015 862 servabitis.

224 882 308 950 Cyrus
330 883 430 953 quidem
454 885 508 938 haec
527 885 646 937 moriens.
690 884 754 948 Nos,
776 884 798 938 si
818 883 909 954 placet,
928 888 1016 940 nostra

223 958 361 1012 videamus.

259 1035 363 1088 XXIII.
387 1035 470 1089 Nemo
489 1053 606 1106 umquam
631 1034 701 1100 mihi,
727 1035 819 1105 Scipi0,
843 1036 1059 1107 persuadebitis

223 1115 268 1164 aut
288 1119 382 1180 patrem
399 1118 472 1164 tunm
486 1112 602 1165 Paullum
620 1115 665 1166 aut
683 1111 747 1165 duos
765 1130 832 1176 avos,
852 1113 967 1167 Paullum
987 1118 1012 1169 et

221 1186 379 1251 Africanum,
394 1194 438 1240 aut
454 1189 563 1242 Africani
575 1194 681 1257 patrem,
695 1192 740 1241 aut
753 1192 879 1258 patruum,
893 1195 938 1242 aut
951 1189 1013 1243 mul-

222 1266 264 1316 tos
278 1269 425 1331 praestantes
442 1265 516 1329 viros,
535 1282 598 1335 quos
614 1283 761 1318 enumerare
778 1270 884 1318 nonest
902 1283 1012 1333 necesse,

221 1342 295 1392 tanta
307 1359 361 1393 esse
378 1347 489 1404 conatos,
506 1359 561 1410 quse
578 1339 610 1394 ad
625 1340 781 1410 posteritatis
799 1340 942 1394 memoriam
956 1359 1012 1411 per-

221 1416 341 1479 tinerent,
355 1417 403 1469 nisi
420 1417 501 1468 anima
521 1422 652 1470 cernerent
672 1416 845 1485 posteritatem
864 1415 896 1469 ad
912 1435 939 1471 se
956 1435 1013 1486 per·

220 1492 310 1544 tinere.
347 1491 388 1544 Ad
401 1510 494 1557 censes,
509 1493 549 1560 (ut
562 1492 593 1546 de
605 1511 645 1546 me
663 1492 718 1561 ipso
731 1491 824 1561 aliquid
837 1511 906 1547 more
923 1512 1011 1548 aeuum

220 1567 333 1638 glorian)
348 1586 387 1621 me
400 1573 485 1621 tantos
503 1567 599 1622 labores
618 1568 721 1622 diurnos
739 1574 927 1640 nocturnosque
943 1570 1012 1625 domi

220 1643 366 1713 militiaeque
379 1650 555 1713 suscepturum
568 1643 654 1711 fuisse,
667 1645 689 1698 si
700 1644 789 1699 iisdem
801 1645 893 1700 finibus
905 1647 1011 1717 gloriam

220 1738 309 1784 meam,
323 1721 414 1788 quibus
427 1721 512 1784 vitam,
526 1739 605 1774 essem
618 1721 820 1776 terminaturus?
856 1723 949 1776 Nonne
960 1742 1011 1778 me·

219 1796 269 1850 lius
282 1795 363 1850 multo
375 1797 474 1860 luisset,
488 1796 594 1850 otiosam
613 1800 713 1850 aetatem
726 1800 753 1849 et
766 1797 875 1866 quietam
891 1799 945 1852 siue
957 1798 1010 1852 ullo

218 1871 305 1926 labore
317 1877 343 1926 et
356 1873 517 1927 contentione
530 1872 683 1926 traducere?
708 1871 765 1935 Sed,
779 1873 863 1927 nescio
876 1875 1008 1942 quomode,

220 1949 325 2013 animus,
340 1950 438 2019 erigens
446 1968 482 2013 se,
490 1950 665 2020 posteritatem
675 1966 774 2018 semper
786 1948 823 2001 ita
834 1950 1009 2020 prospiciebat,

219 2026 298 2096 quasi,
317 2045 394 2095 quum
414 2028 563 2081 excessisset
584 2045 598 2081 e
617 2026 678 2090 vita,
697 2030 753 2079 tum
771 2025 878 2097 denique
896 2026 1010 2082 victurus

218 2106 295 2156 esset.
324 2102 400 2161 Quod
413 2102 514 2173 quidem
526 2104 553 2156 ni
564 2103 602 2156 ita
613 2121 640 2156 se
653 2101 766 2169 haberet,
778 2105 808 2155 ut
820 2103 897 2157 animi
909 2105 1011 2158 immor·

217 2178 282 2232 tales
295 2184 388 2245 essent,
404 2179 473 2234 haud
487 2179 576 2249 optimi
594 2178 717 2249 cujusque
736 2178 834 2231 unirnz·ss
851 2181 959 2234 maxime
977 2179 1010 2234 ad

218 2253 433 2308 immortalitatem
449 2255 536 2326 gloriae
551 2256 685 2309 niteretur.
722 2253 813 2314 Quid⁰
832 2256 900 2310 evod
912 2257 1009 2328 sapien·
1020 2278 1048 2323 33

217 2331 332 2385 tissimus
345 2331 450 2402 quisque
463 2331 605 2402 aequissimo
618 2331 702 2386 animo
714 2332 829 2397 moritur,
843 2334 1008 2388 stultissimus

216 2406 394 2478 iniquissimo?
431 2408 524 2462 Nonne
540 2406 611 2461 vobis
624 2407 725 2462 videtur
741 2408 840 2462 unimus
852 2410 881 2474 is,
895 2411 939 2480 qui
952 2410 1008 2481 plns

217 2489 304 2539 cernat
321 2488 347 2536 et
366 2482 473 2553 longius,
486 2483 579 2549 videre,
592 2500 620 2536 se
636 2482 669 2537 ad
687 2483 791 2537 meliora
806 2487 948 2553 proficisci:
967 2487 1008 2541 illc

216 2563 310 2626 autem,
323 2563 396 2629 cujus
413 2559 528 2614 obtusior
539 2560 574 2613 sit
591 2559 665 2623 acies,
678 2577 729 2612 non
741 2559 846 2614 videret
881 2561 1008 2629 Equidem

216 2637 307 2691 efferor
326 2636 411 2690 studio
427 2641 513 2707 patres
532 2639 638 2699 vestros,
659 2652 722 2704 quos
744 2633 810 2688 colui
826 2638 852 2688 et
869 2635 951 2700 dilexi,
970 2637 1008 2691 vi-

215 2711 307 2767 dendi:
326 2730 408 2782 neque
420 2730 480 2766 vero
497 2730 541 2766 eos
553 2710 635 2767 solum
648 2711 782 2765 convenire
795 2726 864 2774 aveo,
878 2729 940 2781 quos
953 2711 1007 2781 ipsa

214 2788 331 2860 cognovi,
344 2788 390 2842 sed
401 2789 457 2842 illos
469 2789 554 2853 etiam,
567 2787 598 2842 de
611 2787 703 2857 quibus
718 2784 803 2839 audivi
815 2789 841 2839 et
853 2785 904 2858 legi
916 2793 942 2841 et
953 2787 1008 2857 ipse

215 2864 362 2935 conscripsi.
399 2865 458 2924 Quo
476 2863 577 2936 quidem
594 2882 635 2918 me
652 2862 851 2934 pmficiscentem
868 2861 936 2918 haud
947 2880 1007 2918 sane

599 2956 619 2995 D
