2575 3367
262 317 295 360 62
590 308 723 357 LAELIUS

263 422 399 492 proximis3
417 425 455 486 ut,
469 421 491 475 si
505 420 653 491 parentibus
664 420 719 474 uati
735 419 787 474 siut
797 417 888 473 humili

264 498 371 568 pinques
392 497 501 551 habeant
521 495 696 550 imbecilliores
716 495 756 550 vel
776 495 860 549 auimo
880 513 888 546 r

264 591 351 627 eorum
364 577 473 644 augeant
485 590 553 642 opes,
567 572 653 642 eisque
665 571 755 626 honori
766 571 818 625 sint
830 575 857 625 et
869 571 887 624 d

264 649 291 704 in
306 649 405 713 fabulis,
419 649 463 720 qui
480 648 632 718 aliquamdiu
647 651 752 718 propter
766 645 888 717 &nuntio

264 729 292 782 et
309 727 409 798 generis
427 726 454 780 in
471 724 595 779 famulatu
612 723 715 788 fuerint,
732 742 809 794 quum
828 740 888 793 oogr

265 806 310 857 snt
322 803 426 857 deorum
438 804 482 855 aut
494 818 584 870 regum
595 799 640 855 filii
651 799 754 864 inventi,
767 798 879 853 retinent

264 881 345 932 tatem
362 878 390 933 in
405 880 526 947 pastores,
540 893 603 947 quos
619 880 705 945 patres
721 875 815 930 multos
830 893 888 928 annu

264 957 347 1008 erunt.
384 952 458 1018 Quod
476 952 557 1007 mnito
573 952 688 1022 proiecto
706 952 787 1022 magis
806 952 888 1005 iuver

265 1029 392 1100 oertisque
402 1018 554 1084 sapiendum.
590 1028 702 1083 Fructus
717 1028 784 1082 enim
799 1027 888 1097 ingeni

265 1105 396 1175 omnisque
412 1104 566 1174 prestantie
583 1107 640 1158 tum
661 1103 786 1158 maximus
803 1103 888 1173 oapitu

264 1173 406 1244 proximum
419 1190 544 1244 quemque
555 1173 694 1228 eonfertur.

225 1251 255 1303 71
299 1249 359 1305 XX.
376 1250 416 1306 Ut
433 1249 512 1320 igitur
529 1248 554 1315 ii,
572 1248 615 1320 qui
635 1253 697 1303 sunt
717 1248 744 1303 in
762 1247 878 1302 amieitiae

264 1325 354 1398 nisque
371 1325 556 1382 neeessitudine
573 1323 723 1394 superiores,
741 1342 873 1395 exaequare

265 1402 399 1458 ierioribns
414 1401 522 1458 debent:
547 1399 584 1456 sie
599 1400 731 1456 inferiores
748 1418 799 1455 nou
814 1399 888 1454 dolen

265 1482 310 1532 aut
322 1479 424 1549 ingenio
432 1483 477 1533 aut
486 1478 589 1532 fortuna
599 1481 644 1531 aut
653 1476 778 1548 dignitate
789 1494 888 1546 superor

265 1553 378 1623 plerique
397 1558 442 1608 aut
459 1557 600 1622 queruntur
617 1570 717 1622 semper
735 1551 830 1622 aliquid
849 1556 888 1606 sut

265 1627 406 1698 probrantz
433 1645 514 1698 eoque
537 1628 625 1698 magis,
650 1629 673 1683 si
695 1627 788 1682 habere
810 1645 838 1682 se
861 1646 888 1696 pa

265 1703 374 1758 officiose
385 1707 412 1758 et
423 1704 503 1759 amice
514 1708 541 1758 et
556 1721 614 1758 oum
630 1703 716 1759 labore
731 1703 888 1774 sliquosuo1

266 1783 311 1835 sut
325 1779 415 1835 dioere.
451 1778 574 1835 Odiosum
592 1797 653 1835 sane
668 1798 749 1852 genus
764 1779 888 1834 hominum

266 1856 456 1926 pmbrautium:
474 1874 531 1926 que
546 1855 690 1910 meminisse
705 1855 781 1911 debet
792 1855 822 1923 is,
833 1855 888 1926 inq

228 1938 258 1989 72
267 1940 335 1998 suut,
348 1951 400 1988 non
415 1950 616 1999 commemorare,
628 1933 672 2002 qui
687 1931 804 1986 eontulit.
840 1932 888 1991 Qu

266 2009 292 2074 ii,
312 2009 357 2080 qui
374 2008 515 2080 superiores
533 2012 600 2074 sunt,
618 2007 776 2062 summittere
794 2025 822 2062 se
839 2006 888 2062 deb

266 2085 334 2150 eitia,
347 2085 384 2140 sie
396 2084 503 2156 quodam
515 2084 589 2138 modo
601 2083 733 2139 inferiores
745 2083 873 2139 extoliere.

268 2160 377 2232 quidam,
396 2162 440 2233 qui
458 2160 576 2216 molestas
593 2159 716 2215 amicitias
736 2160 841 2225 faciunt,
859 2178 888 2230 qu

268 2237 395 2291 eontemni
411 2241 518 2307 putant;
537 2237 604 2307 quod
619 2236 737 2291 ueniere
748 2235 881 2306 contingit,

268 2312 345 2365 etiam
363 2313 559 2367 contemnendos
576 2330 604 2367 se
622 2312 795 2378 arbitrantnr;
813 2312 888 2382 quih

229 2396 320 2446 78non
335 2386 410 2441 modo
425 2386 516 2455 verbis,
528 2388 573 2442 sed
589 2389 664 2443 etiam
681 2406 756 2458 opere
772 2387 871 2443 levandi

268 2468 323 2519 tum
340 2466 423 2518 autem
439 2463 531 2534 cuique
546 2464 716 2531 tribuendum,
733 2465 849 2535 primum,
863 2484 888 2535 qr

268 2542 365 2596 effioere
376 2539 472 2610 possis:
492 2539 581 2595 deinde
590 2543 674 2604 etiam,
685 2546 806 2611 quantum
819 2540 868 2605 ille,
879 2560 888 2595 r

268 2623 345 2689 atque
357 2617 467 2687 adjuves,
481 2617 612 2672 sustinere.
650 2618 711 2671 Non
722 2617 788 2672 enim
801 2622 830 2670 tu
844 2636 888 2687 poa

268 2694 327 2749 lieet
344 2692 458 2761 exeellas,
469 2710 556 2747 omues
572 2696 630 2747 tuos
648 2693 679 2747 ad
695 2689 802 2747 honores
819 2694 887 2764 ampl

269 2768 375 2823 dooere:
394 2771 424 2822 ut
437 2768 520 2838 Scipio
533 2769 562 2822 P.
572 2767 700 2836 Rupilium
714 2769 798 2838 potuit·
810 2787 888 2823 oonsu

264 2844 371 2901 [mtrem
384 2843 439 2916 ejus
451 2844 559 2898 Lucium
572 2861 623 2898 non
634 2845 726 2913 potuit.
763 2845 873 2906 Quodsi
886 2879 888 2889 ι
