2575 3367
264 318 296 367 tt
514 342 517 347 ·
587 313 727 365 LAELIUS

266 421 392 486 audiendi,
411 422 434 477 si
455 422 556 493 quando
577 422 609 478 de
630 424 748 489 amicitia,
768 440 845 495 quam
868 440 918 479 neo
942 443 993 479 usn
1014 439 1056 478 nea

266 499 364 554 ratione
380 497 475 553 habent
490 498 627 568 eognitam,
640 498 816 569 disputabunt.
850 499 921 554 Nam
938 499 997 570 quis
1013 502 1055 561 ast,

267 593 313 645 pro
331 572 406 627 detim
422 572 499 628 fidem
517 578 594 644 atque
610 574 759 632 homiuum!
783 573 829 646 qni
844 575 915 639 velit,
930 578 962 629 ut
979 590 1056 645 nequa

267 650 356 720 diligat
374 668 532 720 quemquam,
551 667 599 705 neo
615 650 671 720 ipse
688 649 720 705 ab
739 650 790 706 ullo
808 650 939 721 diligatur,
957 651 1056 706 oiroum·

267 727 346 781 liuere
364 725 480 780 omuibus
498 725 577 794 copiis
597 731 675 797 atque
695 726 722 781 in
742 727 854 782 omnium
876 744 964 780 rernm
984 726 1057 781 abun·

267 802 355 857 dantia
365 801 471 857 viveret
508 801 571 856 Hoeo
583 805 623 856 est
639 802 707 857 enim
718 805 883 873 tyrannorum
896 802 959 867 rita,
973 802 1000 856 in
1012 818 1057 872 qus

267 877 386 932 nimirum
403 875 473 931 nulla
489 875 560 942 fides,
578 875 649 931 nulla
665 877 765 942 auritas,
784 877 854 932 nulla
870 877 970 933 stabilis
988 877 1056 932 bene·

267 953 384 1008 volentia
405 955 490 1020 potest
511 968 567 1006 esse
585 952 692 1018 fiduoia3
717 953 802 1007 omnia
821 971 921 1023 semper
942 956 1057 1023 suspects

227 1033 343 1099 taatque
360 1026 482 1081 sollicita:
505 1027 589 1082 nullus
605 1028 676 1083 loeus
692 1028 815 1084 amicitis,
851 1028 915 1094 Quis
931 1029 998 1082 enim
1015 1031 1057 1081 aut

266 1123 325 1159 eum
343 1102 440 1173 diligat,
459 1120 535 1172 quem
553 1108 667 1170 metuut3
691 1109 736 1159 ant
753 1123 819 1168 eum,
832 1121 849 1158 a
864 1123 916 1175 quo
934 1122 963 1158 se
981 1101 1057 1158 metui

266 1181 359 1250 putati
390 1177 517 1233 (loluutur
528 1183 614 1234 tamen
630 1179 790 1235 simulatione
802 1179 935 1234 dumtaxat
952 1179 986 1234 ad
997 1185 1057 1234 tem·

266 1275 322 1325 pus.
360 1254 437 1315 Quod
455 1254 477 1309 si
489 1254 563 1319 lorte,
576 1259 607 1309 ut
618 1255 648 1310 lit
664 1255 820 1327 plerumque,
831 1254 985 1322 ceciderint3
1003 1259 1056 1309 tum

266 1334 425 1404 intelligitur,
451 1350 526 1403 quam
549 1332 645 1387 luerint
671 1334 759 1404 inopes
786 1333 933 1388 amisorum.
982 1330 1058 1391 Quod

265 1411 430 1481 Tarquinium
454 1408 549 1462 dixisse
569 1409 664 1473 lerunt,
684 1413 740 1463 tum
762 1408 946 1479 [exsulantem]
970 1427 999 1464 ae
1021 1408 1057 1462 iu·

266 1486 401 1550 tellexisse,
422 1502 485 1556 quos
506 1484 569 1538 lidos
594 1484 686 1538 amieos
710 1484 848 1549 habuisset,
870 1503 934 1555 quos
959 1484 1056 1548 infidos,

227 1579 241 1622 5
266 1580 344 1632 quum
354 1562 407 1631 jam
419 1560 518 1615 neutris
534 1559 640 1630 gratiam
653 1560 748 1615 referre
765 1564 859 1631 posset.
896 1559 1057 1630 Quamquam

265 1637 350 1701 miror,
362 1634 406 1690 illa
421 1634 539 1704 snperbia
555 1638 582 1689 et
598 1635 792 1703 importunitate
807 1635 830 1688 si
846 1653 999 1706 quemquam
1014 1634 1057 1688 ha·

264 1711 324 1766 bere
340 1710 433 1782 potuit.
470 1712 556 1780 Atque
571 1714 602 1765 nt
620 1711 704 1781 hujus,
717 1729 792 1782 quem
808 1709 868 1775 dixi,
885 1728 969 1766 mores
985 1728 1057 1765 veros

265 1787 358 1842 amieos
377 1804 468 1858 parare
485 1804 536 1840 non
557 1790 679 1856 potuere:
705 1787 742 1842 sio
758 1786 897 1841 multorum
915 1804 977 1856 opes
995 1805 1058 1856 pra-

265 1864 406 1932 potentium
419 1862 557 1918 excludunt
570 1862 692 1917 amicitias
704 1862 798 1918 fideles.
823 1862 885 1916 Non
896 1863 963 1917 euim
976 1862 1057 1916 solum

265 1940 320 2008 ipsa
335 1941 439 1994 fortuna
455 1956 521 1994 osca
538 1944 586 2002 est,
600 1938 645 1992 sed
661 1957 704 1994 eos
722 1939 798 1993 etiam
817 1939 966 2009 plerumque
982 1939 1057 1993 efficit

265 2033 351 2080 caeos,
377 2032 440 2086 quos
466 2013 596 2084 complexa
624 2018 672 2068 est.
719 2015 811 2085 Itaque
839 2014 982 2069 efferumtur
1005 2015 1057 2069 sere

264 2090 366 2145 fastidio
378 2098 406 2145 et
421 2089 593 2145 oontumaoia:
611 2107 694 2160 neque
706 2089 843 2161 quidquam
859 2089 995 2159 insipiente
1007 2090 1058 2144 for-

265 2170 354 2221 tunato
375 2165 557 2221 intolerabilius
576 2163 632 2220 tisri
652 2168 746 2235 potest.
781 2166 868 2236 Atque
887 2164 936 2220 hoo
955 2165 1056 2237 quidem

264 2241 349 2296 videre
365 2242 431 2308 licet,
443 2261 494 2307 eos,
507 2242 551 2312 qui
566 2244 642 2295 antea
658 2239 795 2295 oommodis
811 2241 917 2295 inerunt
933 2240 1054 2304 moribus,

264 2316 376 2385 imperio,
390 2321 524 2386 potestate,
537 2317 664 2386 prosperis
678 2314 754 2370 rebus
770 2316 907 2381 immutari,
920 2317 1055 2387 spemique

226 2391 295 2453 55ab
311 2391 350 2445 his
364 2396 461 2445 veteres
479 2393 609 2456 amicitias,
627 2391 753 2461 indulgeri
768 2391 848 2445 novis.
886 2392 955 2456 Quid
970 2397 1055 2448 autem

264 2467 375 2530 stultius,
401 2485 484 2537 quam,
506 2486 583 2537 quum
609 2467 744 2538 plurimum
769 2467 855 2537 copiis,
881 2467 1053 2533 facultatibus,

264 2545 353 2614 opibus
373 2544 478 2614 possint,
497 2549 582 2599 cetera
602 2563 698 2614 parare,
717 2563 773 2615 quae
795 2549 918 2614 parantur
939 2548 1053 2615 pecunia,

263 2640 349 2690 equos,
363 2620 477 2685 famulos,
490 2626 585 2675 vestem
598 2621 733 2691 egregiam,
744 2638 804 2674 vasa
816 2620 942 2691 pretiosa;
961 2623 1054 2677 amieos

263 2714 313 2750 uon
337 2715 433 2765 parare,
457 2697 578 2766 optimam
602 2700 628 2750 et
655 2696 848 2764 pulcherrimam
871 2699 939 2763 vitae,
965 2703 995 2753 ut
1018 2699 1054 2752 ita

263 2769 351 2835 dicam,
373 2771 589 2842 suppellectilem?
625 2772 727 2825 Etenim
748 2777 833 2825 cetera
854 2791 932 2841 quum
954 2782 1051 2844 parant,

262 2847 303 2899 cui
324 2851 420 2917 parent,
439 2846 563 2915 nesciunt,
581 2863 628 2900 neo
645 2848 720 2916 eujus
737 2864 814 2901 causa
832 2847 1052 2919 laboreutz-ejus
