2575 3367
398 291 447 339 DE
466 285 685 342 SENECTUTE.
711 290 785 340 CAP.
805 292 842 340 16.
985 293 1017 339 23

225 401 333 468 derium,
346 401 414 473 quod
429 401 544 473 capiebat
562 420 576 457 r
594 400 654 466 filio,
667 402 790 466 colentem
808 419 897 472 agrum
916 403 1017 456 etcum

225 483 408 533 stercorantem
420 477 490 532 iacit.
525 477 581 532 Nec
593 495 654 532 vero
666 477 796 548 segetibus
808 476 889 531 solum
900 481 927 531 et
939 477 1019 546 pratis

225 561 253 609 et
269 553 349 608 vineis
367 560 394 608 et
411 553 522 608 arbustis
539 571 581 608 rea
598 553 701 609 rustica
717 553 783 608 loetoe
800 556 868 617 sunt,
881 551 926 606 sed
942 552 1017 607 etiam

225 629 309 684 hortis
327 633 353 685 et
371 629 497 700 pomariis,
510 633 565 683 tum
583 630 708 699 pecudum
726 632 809 700 pastu,
825 628 909 699 apium
925 627 1019 682 exami-

224 704 310 770 nibus,
321 705 411 759 florum
423 705 536 759 omnium
545 706 675 760 varietate.
711 705 769 760 Nec
780 705 932 760 consitiones
944 703 1018 759 modo

225 781 362 845 delectant,
385 780 430 835 sed
453 780 530 835 etiam
554 780 701 847 insitiones3
726 781 817 852 quibus
840 779 903 834 nihil
923 779 1019 834 invenit

225 856 384 928 agricultura
396 856 532 911 sollertius.
1024 869 1026 872 ’

263 933 338 987 XVI.
356 933 465 988 Possum
488 933 605 1004 persequi
627 934 710 988 multa
729 932 913 988 oblectamenta
935 942 1055 987 rerumoa

225 1009 397 1075 rusticarum
421 1008 466 1063 sed
488 1027 517 1064 ea
535 1008 667 1081 ipsaque
685 1009 749 1077 dixi,
768 1010 847 1064 fuisse
865 1009 948 1065 sentio
965 1008 1020 1063 lon·

226 1086 307 1156 giora
342 1086 486 1154 Ignoscetis
508 1089 611 1152 autem;
634 1103 694 1140 nam
712 1089 739 1140 et
760 1085 845 1141 studio
863 1104 948 1140 rerum
966 1103 1021 1140 rus·
1057 1087 1059 1090 ’

226 1168 336 1221 ticarum
354 1170 489 1236 provectus
508 1185 573 1232 sum,
586 1170 613 1221 et
632 1171 750 1222 senectus
768 1171 808 1222 est
826 1173 918 1222 natura
934 1167 1020 1236 loqua·

227 1242 297 1297 cior:
315 1260 348 1296 ne
360 1241 391 1297 ab
403 1242 519 1297 omnibus
532 1260 586 1297 eam
602 1243 671 1298 vitiis
683 1243 769 1297 videar
782 1241 915 1297 vindicare.
950 1243 1020 1312 Ergo

226 1318 255 1373 in
279 1318 326 1373 hao
350 1318 402 1372 rita
418 1318 465 1372 Μ’.
473 1318 573 1383 Curius,
593 1337 672 1390 quum
695 1318 727 1373 de
746 1318 908 1384 Samnitibus,
925 1318 956 1373 de
975 1321 1021 1372 Sa-

227 1394 302 1459 binis,
322 1394 353 1450 de
371 1395 469 1464 Pyrrho
489 1395 680 1466 triumphasset,
698 1395 854 1465 consumpsit
878 1398 1020 1449 extremum

228 1474 330 1541 tempus
349 1471 446 1526 atatis:
468 1471 540 1541 cujus
555 1471 654 1542 quidem
674 1490 722 1543 ego
738 1471 820 1526 villam
839 1471 1019 1542 contemplans,

230 1546 314 1617 (abest
326 1546 394 1602 enim
406 1565 457 1601 non
468 1547 543 1618 longe
555 1564 570 1601 a
581 1547 641 1617 ma)
653 1547 769 1603 admirari
781 1547 843 1603 satis
855 1565 906 1602 non
918 1565 1021 1618 possum

228 1622 270 1678 vel
293 1622 401 1677 hominis
421 1623 501 1694 ipsius
522 1622 702 1678 continentiam
724 1623 764 1679 vel
784 1628 926 1696 temporum
946 1623 1021 1679 disci-

228 1698 330 1768 plinam.
368 1698 444 1753 Curio
456 1698 488 1754 ad
500 1698 583 1754 locum
602 1699 700 1755 sedenti
717 1719 836 1772 magnum
851 1701 906 1754 auri
922 1699 1020 1771 pondus

230 1774 357 1829 Samnites
372 1793 450 1845 quum
466 1775 619 1843 attulissent,
632 1777 757 1847 repudiati
773 1779 841 1831 sunt.
878 1777 939 1831 Non
954 1777 1019 1831 euim
1028 1789 1069 1841 56,

230 1868 321 1905 aurum
339 1849 432 1906 habere
447 1851 593 1922 praclarum
612 1851 662 1907 sibi
678 1851 756 1906 videri
774 1851 846 1916 dixit,
863 1851 909 1906 sed
925 1851 964 1916 iis,
977 1851 1022 1922 qui

229 1925 353 1980 haberent
374 1944 471 1992 aurum,
491 1927 620 1998 imerare.
656 1929 794 1983 Poteratne
814 1932 902 1983 tantus
923 1927 1021 1982 animus

229 2020 281 2056 non
296 2002 394 2057 efficere
401 2001 540 2071 jucundam
557 2009 713 2058 senectutem
724 2004 734 2058 i
765 2004 815 2058 Sed
827 2005 900 2059 venio
912 2002 944 2058 ad
955 2003 1021 2073 agri·
1038 2047 1041 2052 .

230 2077 306 2146 colas,
319 2096 352 2132 ne
364 2096 379 2131 a
390 2096 430 2132 me
444 2078 499 2149 ipso
511 2078 633 2134 recedam.
669 2080 702 2134 ln
713 2080 781 2151 agris
795 2084 867 2135 erant
879 2087 934 2133 tum
949 2097 1021 2134 sena-

228 2159 306 2219 tores,
324 2153 408 2209 idest
426 2172 514 2209 senes:
533 2155 555 2210 si
573 2155 674 2226 quidem
693 2155 774 2210 aranti
792 2154 952 2215 IaQuiuctio
965 2154 1021 2211 Oin-

228 2231 331 2285 cimrato
351 2230 497 2284 nuntiatum
518 2235 565 2295 est,
585 2249 642 2286 eum
665 2231 813 2287 dictatorem
834 2250 889 2287 esse
907 2232 1019 2287 lactum:

228 2310 302 2376 cujus
325 2305 457 2361 dictatoris
481 2310 556 2376 jussu
575 2307 697 2378 magister
717 2309 831 2380 equitum
853 2309 880 2363 O.
900 2307 1021 2373 Servilius

228 2382 309 2436 Ahala
329 2383 372 2454 Sp.
382 2383 497 2438 Maelium
515 2402 621 2455 regnum
640 2390 799 2456 appetentem
817 2390 966 2455 occupatum
983 2385 1022 2445 in.-

227 2459 339 2514 teremit.
376 2461 399 2512 A
413 2459 510 2514 villain
522 2464 638 2515 senatum
650 2462 841 2517 arcessebantur
853 2466 879 2516 et
892 2462 983 2517 Curius
994 2465 1022 2516 et

228 2534 307 2589 ceteri
323 2553 412 2589 senes:
432 2553 464 2589 ex
481 2541 539 2605 quo,
553 2536 596 2607 qui
612 2554 657 2592 eos
674 2537 841 2602 arcessebant,
853 2539 964 2591 uicto-rea
978 2554 1022 2591 uo.

227 2611 319 2666 minati
336 2615 405 2665 suut.
442 2611 512 2666 Num
530 2611 610 2682 igitur
627 2612 718 2666 horum
736 2617 853 2668 senectus
871 2607 1019 2666 miserabilis

227 2686 285 2751 fuit,
306 2685 351 2756 qui
371 2705 398 2741 se
419 2687 474 2756 agri
494 2687 606 2742 cultione
626 2687 805 2743 oblectabant?
836 2689 899 2742 Mea
919 2686 1019 2759 quidem

227 2762 356 2816 seuteirtia
370 2761 438 2817 haud
455 2762 507 2817 scio
525 2782 558 2817 an
574 2763 626 2818 ulla
641 2762 739 2818 beatior
753 2763 833 2834 possit
849 2782 919 2818 esse:
938 2781 1020 2833 neque

228 2838 309 2893 solum
332 2838 421 2900 officio,
438 2839 505 2909 quod
525 2839 656 2893 hominum
676 2839 764 2910 generi
783 2839 901 2894 universo
921 2840 1022 2896 cultura

228 2932 348 2983 agrorum
361 2917 401 2969 est
413 2915 538 2978 salutaris,
553 2914 596 2969 aad
608 2919 635 2969 et
647 2915 821 2970 delectatione.
835 2933 908 2987 quam
921 2915 984 2985 dixi,
993 2920 1020 2971 et
