2575 3367
297 311 312 356 a
582 310 629 358 nn
649 294 801 360 osricus

296 418 481 476 magnitudinem
495 419 574 473 animi,
584 432 613 466 ex
624 421 708 478 quibus
718 422 817 480 singuiis
826 426 890 467 certa
899 422 1003 480 quadam
1015 423 1090 469 officia

296 484 358 527 nasci
369 483 443 529 docet.
456 497 475 528 e.
490 485 512 527 t.
543 485 579 529 Ac
593 485 621 529 de
636 486 673 530 his
688 492 786 543 quatuor
801 488 905 544 partibus
921 492 1026 531 accurate
1043 489 1088 531 dis

295 554 371 605 putat,
384 554 413 601 et,
424 549 536 605 quomodo
550 550 580 594 ab
593 550 622 594 iis
639 551 714 595 efficia
731 551 852 603 ducantur,
866 554 975 597 ostendit.
991 567 1010 598 c.
1026 553 1089 598 t-tt.

296 612 358 657 Huic
368 612 518 670 disputationi
533 614 625 671 subjicit
635 614 665 659 de
675 616 846 673 comparatione
853 616 951 671 honesti,
962 619 990 663 de
1000 618 1089 663 duobus

296 676 399 724 honestis
408 682 487 722 utram
497 678 623 725 honestius.
637 693 658 725 c.
669 680 706 726 43.
716 693 750 737 sq.

626 802 761 814 ——--

273 875 283 920 l
331 864 352 917 Ι.
372 863 542 922 Qusueunu
553 869 588 931 te,
605 866 692 921 Marce
710 866 753 929 fili,
767 884 860 922 anuum
875 867 927 936 jam
943 866 1087 923 audientem

295 938 454 1010 Cratippum,
466 940 543 1011 idque
560 942 677 1006 Athenis,
690 941 818 996 abundare
835 947 936 1011 oportet
954 945 1087 1012 praeceptis

294 1015 471 1086 institutisque
488 1017 651 1087 philosophiae
669 1022 772 1088 propter
790 1036 912 1072 sumniam
931 1023 957 1071 et
976 1018 1086 1073 doctoris

295 1092 474 1146 auctoritatem
492 1098 518 1147 et
535 1093 614 1158 urbis,
628 1111 735 1164 quorum
750 1092 814 1147 alter
825 1097 852 1146 te
870 1092 976 1146 scientia
993 1113 1086 1163 augere

293 1172 386 1236 potest,
399 1168 478 1222 altera
495 1169 633 1239 exemplis3
653 1174 746 1233 tamen,
759 1173 790 1222 ut
801 1169 855 1238 ipse
873 1168 905 1222 ad
921 1187 1001 1222 meam
1018 1171 1086 1224 utili·

292 1247 373 1297 tatem
385 1263 484 1316 semper
496 1263 554 1301 cum
567 1245 662 1301 Graeeis
674 1245 770 1300 Latina
787 1245 915 1315 conjunxi,
927 1263 1009 1314 neque
1020 1247 1046 1299 id
1058 1248 1086 1302 in

292 1320 451 1391 philosophia
469 1322 559 1387 solum,
578 1322 623 1376 sed
642 1321 718 1377 etiam
738 1321 765 1375 in
785 1320 884 1376 dicendi
905 1322 1085 1376 exercitatione

293 1396 351 1461 ieci,
363 1397 429 1452 idem
442 1397 489 1452 tibi
501 1416 591 1453 censeo
603 1397 754 1461 faciendum,
766 1400 797 1451 ut
808 1415 854 1467 par
866 1397 900 1451 sis
912 1398 939 1451 in
951 1398 1085 1468 utriusque

291 1472 413 1526 orationis
425 1472 555 1527 facultate.
587 1474 672 1532 Quam
684 1472 785 1543 quidem
797 1472 894 1526 adrem
906 1491 961 1537 nos,
973 1477 1004 1528 ut
1016 1474 1085 1528 vide-

291 1565 356 1615 mur,
366 1566 485 1616 magnum
498 1547 630 1602 attulimus
642 1547 816 1617 adjumentum
825 1548 969 1602 homiuibus
980 1550 1083 1612 nostris,

290 1631 320 1676 ut
344 1641 396 1677 non
419 1622 494 1677 modo
516 1625 661 1678 Graecarum
680 1623 809 1677 literarum
833 1623 916 1687 rudes,
937 1624 981 1678 sed
1006 1626 1080 1679 etiarn

289 1697 357 1753 docti
370 1698 525 1769 aliquantum
537 1718 565 1754 se
577 1699 732 1755 arbitrentur
747 1699 852 1769 adeptos
864 1706 891 1753 et
903 1700 933 1752 ad
947 1700 1080 1754 dicendum

266 1779 316 1832 aet
337 1775 369 1829 ad
386 1774 559 1846 judicandum.
597 1775 769 1836 Quamobrem
789 1775 870 1829 disces
891 1780 921 1830 tu
945 1776 1044 1844 quidem
1066 1796 1081 1830 a

287 1851 401 1922 principe
413 1850 490 1920 hujus
503 1854 586 1906 aetatis
598 1850 812 1922 philosophorum,
820 1858 847 1906 et
859 1851 947 1915 disces,
961 1851 1077 1923 quamdiu

286 1927 373 1993 voles3
394 1927 502 1997 (tamdiu
519 1933 604 1982 autem
618 1927 683 1982 velle
695 1927 804 1992 debebis,
818 1927 901 1998 quoad
913 1932 947 1992 te,
957 1932 1078 1997 quantum

286 2005 413 2072 proficias,
426 2021 478 2058 non
490 2004 650 2074 poenitebit):
670 2002 715 2058 sed
726 2008 812 2058 tamen
823 2008 911 2057 nostra
921 2002 1016 2072 legens,
1028 2021 1079 2056 non

285 2080 393 2133 multam
409 2079 612 2152 aPeripateticis
629 2079 785 2144 dissidentia,
798 2080 914 2150 quoniam
928 2079 1037 2149 utrique,
1051 2085 1078 2134 et

286 2155 407 2209 Socratici
419 2159 445 2211 et
458 2157 581 2211 Platonici
591 2173 647 2210 esse
659 2155 784 2222 volumus,
797 2154 828 2209 de
841 2154 916 2209 rebus
928 2153 989 2224 ipsis
1006 2159 1077 2209 utere

285 2235 331 2284 tuo
340 2230 452 2300 judici03
471 2231 534 2286 nihii
550 2232 615 2286 enim
629 2231 738 2303 impedio
747 2253 755 2296 ;
774 2231 913 2285 orationem
931 2233 1015 2284 autern
1027 2229 1078 2283 La·

284 2307 362 2362 tinam
377 2307 469 2361 efficies
482 2308 596 2377 proiecto
608 2306 721 2377 legendis
732 2307 827 2363 nostris
840 2306 984 2377 pleniorem.
1021 2305 1077 2360 Nec

285 2401 344 2438 vero
368 2390 516 2452 arroganter
536 2382 584 2438 hoe
607 2381 703 2437 dictum
728 2382 866 2437 existimari
890 2382 973 2437 velim.
1008 2381 1076 2436 Nam

284 2458 476 2530 philosophandi
489 2459 620 2514 seientiam
632 2457 772 2513 concedens
783 2458 879 2525 multis,
892 2458 960 2529 quod
971 2461 1011 2511 est
1022 2475 1077 2512 ora·

283 2536 347 2590 toris
365 2535 502 2606 proprium,
519 2539 586 2604 apte,
601 2533 729 2598 distincte,
748 2540 836 2588 ornate
855 2535 945 2598 dicere,
958 2533 1075 2603 quoniam

283 2612 310 2667 in
321 2629 352 2666 eo
365 2610 449 2666 studio
459 2615 559 2664 aetatem
572 2610 725 2679 consumpsi,
733 2611 755 2663 si
767 2609 794 2663 id
803 2611 864 2664 mihi
873 2627 981 2674 assumo,
990 2609 1077 2663 videor

261 2687 310 2744 sid
333 2707 389 2743 meo
409 2689 467 2758 jure
491 2685 599 2757 quodam
623 2686 698 2741 modo
722 2686 857 2741 vindicare.
902 2684 1075 2745 Quamobrem

282 2782 375 2836 magno
388 2782 463 2833 opere
475 2767 501 2817 te
513 2763 609 2829 hortor,
621 2764 657 2817 mi
669 2761 766 2827 Cicero,
779 2766 809 2817 ut
821 2780 873 2816 non
888 2762 968 2816 solum
983 2762 1076 2815 oratio-

279 2858 329 2896 nes
345 2859 423 2908 meas,
435 2839 479 2896 sed
492 2840 538 2896 hos
556 2840 632 2895 etiarn
651 2837 683 2894 de
695 2838 853 2910 philosophia
867 2837 954 2903 libros,
967 2837 1011 2909 qui
1019 2842 1076 2907 jam
