2575 3367
416 328 464 375 nn
483 306 701 375 sannorum.
732 326 807 374 car.
824 329 847 373 s.
1000 325 1014 373 r

222 432 353 508 Scipiones
377 441 421 492 aut
442 435 557 502 Maximi,
580 441 611 491 nt
632 437 733 491 urbiam
755 435 963 506 expugnationes,
985 439 1015 489 ut

222 516 352 585 pedestres
372 514 504 567 navalesve
525 532 631 584 pugnas,
653 517 683 567 ut
705 513 771 568 bella
795 530 810 565 a
834 530 861 565 se
885 515 965 582 gesta,
985 516 1015 566 ut

221 591 364 660 trimnphos
382 589 555 644 recordentur.
592 590 640 644 nst
660 590 737 643 etiam
756 589 841 659 quiete
859 592 885 641 et
905 606 968 656 pare
988 592 1015 641 et

222 667 352 736 eleganter
364 670 426 720 aotae
439 666 522 719 aetatis
536 665 632 735 placida
644 684 674 720 ac
685 665 749 719 lenis
761 668 895 718 senectus:
915 663 1015 733 qualem

222 743 365 812 accepimus
383 742 505 808 Platonis,
522 742 565 811 qui
583 758 634 795 uno
652 747 679 796 et
696 741 851 812 octogesimo
870 757 936 793 anno
953 742 1016 793 scri·

222 820 286 874 bens
304 827 344 872 est
362 824 494 882 mortuns;
516 817 614 887 qualem
629 817 759 882 isocratis,
779 817 822 888 qui
839 835 898 871 eum
916 816 1016 882 librum,

223 897 268 966 qui
288 895 489 949 Panathenaicus
512 895 667 961 inscribitur,
688 899 779 966 quarto
803 899 830 949 et
853 894 1015 964 nonagesimo

222 989 289 1024 anno
302 971 432 1040 scripsisse
446 969 556 1034 sedicit,
570 971 686 1041 vixitque
699 970 898 1041 quinquennium
913 974 1014 1039 postea:
1043 1034 1049 1040 .

223 1047 296 1116 cujus
317 1047 437 1116 magister
454 1046 596 1100 Leontinus
616 1047 723 1115 Gorgias
745 1051 848 1100 centum
869 1049 896 1099 et
917 1051 1015 1114 septem

223 1121 358 1192 complevit
376 1138 470 1187 annos;
492 1139 575 1190 neque
594 1140 714 1191 umquam
731 1122 759 1175 in
776 1140 822 1176 sao
838 1120 923 1175 studio
941 1127 1017 1191 atque

223 1215 299 1267 opere
323 1197 439 1251 cessavit.
482 1196 542 1260 Qui,
568 1215 647 1265 quam
671 1215 703 1251 ex
726 1215 757 1251 eo
781 1206 945 1267 quaereretur,
969 1215 1016 1251 cnr

223 1273 321 1326 tamdiu
339 1273 415 1326 vellet
433 1290 488 1326 esse
508 1273 536 1326 in
554 1273 621 1326 vita:
644 1272 716 1326 nitu
733 1273 817 1336 habco,
838 1273 928 1343 inquit,
947 1272 1018 1342 qaod

223 1350 341 1402 imorem
360 1358 514 1402 senectutem.
551 1347 704 1402 Praeclarum
725 1366 874 1416 responsum
895 1352 921 1402 et
940 1345 1015 1401 docto

224 1425 326 1478 homine
341 1423 460 1494 dignum!
499 1423 550 1476 Sua
568 1423 634 1477 enim
653 1422 715 1477 vitia
731 1422 878 1492 insipientes
896 1425 923 1475 et
944 1440 1016 1476 snam
1028 1430 1057 1475 14

225 1499 325 1568 eulpam
337 1498 363 1553 in
375 1501 532 1553 senectutem
544 1499 686 1553 confemnt.
713 1498 791 1558 Quod
802 1516 855 1553 non
865 1497 974 1553 faciebat
986 1498 1016 1565 is,

224 1576 299 1644 cujas
311 1573 386 1628 modo
397 1574 550 1629 mentionem
563 1574 619 1638 feci,
632 1575 738 1629 Ennius.

343 1661 409 1708 Siout
417 1662 482 1706 fortis
491 1675 569 1719 equus,
578 1662 652 1719 spatio
662 1663 701 1719 qui
711 1675 770 1720 saepo
780 1675 886 1720 supremo

342 1725 408 1771 Vioit
417 1724 532 1784 Olympia,
542 1739 604 1770 nuno
613 1728 676 1772 senio
686 1727 797 1772 confeotn'
806 1727 911 1785 quiescit.

225 1795 294 1867 Equi
306 1795 379 1850 fortis
391 1799 418 1850 et
431 1796 535 1851 victoris
547 1798 673 1851 senectuti
685 1801 813 1866 comparat
825 1815 904 1851 snam.
935 1797 1017 1862 Quam

226 1871 329 1943 quidem
346 1871 425 1942 probe
442 1872 585 1927 meminisse
606 1874 722 1943 potestis.
759 1875 834 1927 Anno
852 1873 918 1927 enim
937 1873 1017 1926 ande-

226 1947 346 2002 vicesimo
365 1951 423 2018 post
441 1948 497 2019 ejus
513 1953 620 2003 mortem
635 1950 663 2003 hi
678 1949 801 2016 consules,
817 1949 847 2002 T.
860 1947 1016 2002 Flamininus

225 2031 252 2079 et
276 2025 326 2079 Μ’.
334 2024 438 2088 Acilius,
463 2024 525 2080 facti
547 2029 622 2080 sunt:
653 2025 695 2079 ille
724 2030 810 2079 antem
833 2024 959 2094 Caepione,
983 2027 1010 2078 et

225 2098 344 2170 Philippo
364 2099 458 2154 iterum
476 2100 621 2156 oonsulibus
644 2104 760 2155 mortuus
784 2104 839 2155 est:
867 2119 945 2170 quum
966 2102 1033 2170 ego

225 2174 336 2246 quidem,
355 2191 373 2228 v
390 2180 417 2229 et
438 2191 474 2230 nx
495 2195 573 2230 annos
593 2182 678 2241 natus,
699 2175 781 2248 legem
801 2176 937 2230 Voconiam
954 2192 1017 2230 voca

226 2268 319 2322 magna
330 2261 357 2304 et
372 2249 444 2306 bonis
461 2251 583 2307 lateribus
596 2252 739 2307 suasissem.
776 2253 862 2306 Annos
874 2267 929 2306 nxx
940 2255 1016 2306 natus

227 2328 279 2396 (tot
296 2326 364 2380 enim
381 2326 445 2382 vixit
462 2328 572 2397 Ennius)
588 2328 626 2382 ita
643 2328 740 2383 ferebat
758 2327 816 2393 dno,
834 2346 890 2397 quar
907 2328 1015 2384 maxima

225 2406 350 2472 putantur
372 2420 456 2467 onera,
480 2407 657 2473 paupertatem
679 2411 707 2458 et
734 2408 899 2468 senectutem,
923 2408 953 2458 ut
978 2403 1015 2458 eis

226 2496 297 2549 paene
317 2477 438 2533 delectari
457 2478 592 2534 videretur.
627 2480 738 2546 Etenim,
761 2499 839 2550 quum
859 2479 1016 2548 contemplor

224 2555 317 2618 animo,
341 2554 440 2624 reperio
464 2559 574 2625 quatuor
597 2573 694 2621 causas,
716 2573 762 2611 our
785 2559 902 2610 senectus
925 2555 1016 2609 misera
1027 2568 1057 2614 ιε

226 2629 356 2686 videatur:
385 2648 468 2695 unam,
492 2631 560 2698 quod
581 2635 670 2685 avocet
691 2650 707 2686 a
725 2632 801 2685 rebus
822 2629 955 2700 gerendis:
982 2630 1019 2685 al·

224 2709 314 2769 teram,
328 2703 395 2775 quod
407 2722 498 2775 corpus
511 2706 587 2760 laoiat
601 2707 740 2761 infirmius:
758 2706 868 2770 tertiam,
882 2704 950 2775 quod
965 2705 1017 2774 pri-

224 2785 269 2836 vet
290 2780 406 2834 omnibus
426 2781 479 2836 fere
498 2781 686 2851 voluptatibus:
714 2785 836 2853 quartam,
859 2780 926 2852 quod
947 2780 1016 2835 haud

224 2856 315 2928 procul
335 2856 401 2910 absit
424 2874 440 2910 a
462 2860 550 2912 morte.
594 2857 698 2923 Earum,
722 2858 745 2912 si
767 2856 858 2927 placet,
883 2874 1016 2911 causamn

226 2938 323 3002 quanta
335 2948 460 3004 quamque
471 2933 506 2987 sit
515 2932 586 3005 justa
597 2950 650 2988 una
660 2951 773 3004 quaque,
788 2932 922 2987 videamus.
