2575 3367
488 309 556 359 1:11³.
576 313 595 360 l.
613 302 690 360 CAP.
706 312 746 360 21.
984 311 1015 362 27

220 424 403 496 perfugerant:
430 424 458 478 in
471 423 512 478 bia
527 426 555 480 et
571 422 722 478 nobilissimi
733 421 876 492 philosophi
888 421 1015 492 longeque

220 502 357 572 principes,
368 504 395 555 at
413 499 515 569 quidam
529 500 643 556 homines
657 500 739 555 aaron
755 503 782 554 et
800 516 899 569 gravae,
912 499 957 569 qui
968 516 1016 554 neo

219 577 308 648 populi
318 594 367 632 nec
384 576 525 647 principum
544 594 627 632 nroree
643 576 710 631 terre
727 579 875 646 potnerunt,
886 575 1015 630 vixerunt·

219 671 269 725 qne
286 652 402 708 nonnulli
420 653 448 708 in
468 653 544 724 agric,
558 652 677 708 delectati
694 670 723 707 re
740 669 788 706 aaa
804 650 929 706 tanriliati.
965 651 1015 707 Hic
1029 653 1061 702 lt

216 728 287 785 idem
300 728 459 799 prepositura
467 729 533 799 tuit,
548 729 618 799 quod
629 728 741 800 regibus,
759 732 791 782 ut
808 745 840 782 na
858 744 908 797 qua
920 744 947 781 re
959 744 1016 798 ege-

219 809 285 870 rent,
302 823 335 860 ua
353 807 395 860 cni
411 810 536 876 pararent,
553 805 673 861 libertate
690 809 840 860 uterentur:
866 806 940 874 cujac
957 820 1016 874 pro·

219 882 303 952 prium
315 885 356 936 eat
368 882 406 936 aic
417 881 509 947 virere,
521 886 552 937 ut
565 881 635 938 velia.

254 957 330 1012 XXI·
342 957 437 1024 Quare.
447 977 526 1029 quam
540 959 589 1014 hoc
598 975 730 1013 commune
739 956 773 1012 ait
783 955 903 1027 potentie
912 954 1017 1025 cupido-

219 1050 277 1088 rum
288 1050 348 1088 cnm
356 1033 395 1099 iia,
405 1052 469 1104 quoa
478 1033 539 1100 dixi,
550 1035 653 1089 otiosis:
672 1033 746 1090 alteri
754 1048 782 1089 ce
791 1031 896 1101 adipisci
904 1031 931 1087 id
940 1049 1015 1101 pocae

219 1109 386 1174 arbitrantur,
399 1110 422 1164 ai
433 1127 495 1180 opes
507 1129 611 1181 magnae
623 1110 752 1175 babeant;
773 1109 886 1174 alterici
899 1107 1014 1164 contenti

219 1186 272 1240 rint
283 1189 371 1240 atauo
386 1190 413 1241 et
426 1205 511 1256 parvo
548 1187 582 1243 In
600 1205 651 1258 que
667 1191 817 1242 neutrorum
835 1185 938 1239 omnim
954 1201 1014 1238 eon·

215 1260 356 1318 minuenda
379 1267 420 1317 eet
441 1263 585 1319 sententia:
612 1262 659 1317 sed
676 1266 705 1317 et
724 1261 822 1316 facilior
840 1264 868 1316 et
888 1260 970 1316 tutior
987 1267 1014 1316 et

219 1338 304 1392 minus
315 1337 373 1393 aliie
385 1339 471 1410 grevia
480 1345 526 1395 aut
537 1340 645 1394 molesta
654 1339 708 1393 vita
719 1342 760 1393 eet
771 1337 927 1392 otiosorum:
946 1335 1015 1391 irac-

220 1415 318 1469 tuosior
330 1418 415 1471 autern
432 1414 562 1470 hominum
574 1415 662 1486 generi
674 1419 701 1470 et
717 1413 750 1470 ad
767 1412 909 1468 claritatem
926 1411 1015 1482 ampli-

219 1489 385 1561 tudinemque
397 1491 481 1562 aptior
496 1509 592 1557 eormu,
606 1493 650 1563 qui
662 1510 690 1547 se
707 1490 739 1546 ad
751 1489 931 1561 rempublicam
942 1494 970 1546 et
981 1489 1014 1547 all

219 1583 324 1637 magnae
336 1585 377 1622 rea
388 1567 512 1638 gerendas
521 1567 780 1624 accommodaverunt.
811 1567 975 1637 Quapropter
985 1571 1013 1623 ct
1026 1565 1055 1616 ⁷1

218 1641 251 1696 iic
267 1643 377 1698 forsitan
395 1643 581 1700 concedendum
598 1645 644 1709 eit,
661 1644 841 1715 rempublicam
860 1662 912 1699 non
927 1661 1014 1713 capea-

215 1718 341 1785 centibus,
356 1720 407 1791 qni,
424 1720 557 1776 expellenti
573 1721 684 1792 ingenio,
701 1721 823 1777 doetrinae
839 1738 895 1776 cece
913 1719 1011 1775 dedide

218 1800 296 1850 runt:
314 1800 341 1864 et
353 1796 391 1862 iia,
404 1797 447 1869 qui
458 1799 504 1852 aut
516 1797 668 1853 valetudinis
680 1797 863 1862 imbecillitate,
873 1800 918 1851 aut
929 1796 1014 1867 aliqua

219 1871 335 1942 graviore
353 1890 430 1928 cauea
444 1873 563 1944 impediti
575 1891 592 1929 a
606 1874 737 1944 republica
754 1875 920 1936 recaeperunt,
934 1890 1013 1942 quum

218 1951 275 2017 ejua
287 1947 492 2005 administrandae
504 1953 658 2020 potestatem
666 1950 721 2007 aliia
731 1948 880 2020 laudemque
893 1948 1011 2004 coneede-

216 2027 284 2079 rent.
321 2025 423 2084 Quibus
441 2029 527 2081 autem
544 2026 602 2082 talia
614 2027 686 2082 nulla
702 2027 737 2081 cit
752 2042 836 2089 cauea,
850 2024 872 2079 ei
884 2023 1013 2094 despicere

218 2099 345 2156 sedicunt
362 2118 400 2170 ea,
412 2121 469 2172 quae
486 2102 600 2173 plerique
617 2103 749 2166 mirentur,
766 2100 874 2171 imperia
890 2104 918 2155 ot
933 2101 1013 2172 magi·

217 2180 324 2241 etratus,
337 2177 369 2232 iis
381 2195 433 2232 non
444 2177 520 2233 modo
531 2196 583 2234 non
594 2177 672 2243 laudi,
684 2176 861 2234 verumetiam
874 2176 937 2233 vitio
950 2177 1012 2234 dan-

218 2252 279 2308 dum
291 2257 364 2322 puto.
399 2255 516 2314 Quorum
524 2254 651 2324 judicium
663 2255 691 2310 in
702 2272 740 2319 eo,
755 2253 822 2324 quod
834 2253 940 2324 gloriam
951 2273 1011 2310 eon·

217 2333 334 2385 temnunt
355 2333 382 2384 et
403 2330 549 2400 pronihilo
570 2336 670 2401 putent,
689 2330 790 2386 difficile
810 2330 881 2387 iacta
899 2334 939 2386 eet
959 2349 1011 2386 non

217 2407 340 2476 probare:
359 2407 403 2460 aed
415 2406 533 2462 ridentur
543 2406 643 2463 laborer
656 2410 682 2463 et
694 2406 830 2474 molestiae,
842 2411 898 2461 tum
910 2407 1011 2462 offensi-

215 2499 294 2538 onum
306 2486 333 2537 et
345 2482 502 2552 rapueram
515 2484 587 2554 quasi
599 2485 733 2555 quamdam
746 2484 907 2555 ignominiam
920 2484 1010 2538 timere

216 2562 243 2614 et
255 2558 392 2614 infamiam.
429 2559 495 2615 Sunt
506 2561 581 2625 enim,
596 2561 639 2631 qui
651 2561 678 2616 in
689 2560 764 2616 rebue
776 2560 909 2616 contrariis
921 2577 1010 2628 param

216 2635 265 2692 cibi
282 2637 416 2702 conetent3
443 2635 601 2707 voluptatem
619 2637 776 2693 severissimo
794 2638 965 2702 contemnant,
983 2634 1010 2690 in
1052 2685 1055 2691 .

215 2710 302 2767 dolore
326 2711 378 2766 aiut
402 2711 543 2778 molliorea;
571 2713 677 2784 glorium
698 2712 837 2782 negligant,
859 2710 1010 2780 tranguntur

214 2788 332 2842 iufamia:
358 2791 435 2858 atque
453 2805 483 2842 ea
502 2788 602 2859 quidem
620 2807 672 2844 non
690 2789 751 2844 satia
768 2790 922 2842 constanter.
958 2787 1009 2842 Sed
1022 2793 1053 2843 72

212 2863 255 2930 iia
265 2864 310 2938 qui
322 2864 418 2920 babent
430 2881 446 2919 a
457 2869 549 2922 natura
565 2864 713 2935 adjumenta
730 2881 815 2918 rerum
830 2862 1020 2933 gerundarum„
