2575 3367
291 337 306 385 6
579 335 628 383 DE
647 334 801 383 OFFlCllS

291 444 408 500 distribui
427 445 519 500 debere
536 446 670 517 reperitur.
707 446 821 501 Primum
839 449 879 499 est
897 443 977 515 igitur
995 444 1026 499 de
1045 448 1084 499 bc·

290 527 365 588 aesta,
378 521 423 576 sed
441 522 582 592 dupliciter,
595 528 651 578 tum
670 523 722 593 pari
741 523 839 577 ratione
853 520 885 575 de
901 523 970 587 atili,
981 526 1041 590 post
1053 520 1085 575 de

291 602 476 668 conparatione
487 617 569 654 coram
581 598 763 655 disserendum.

254 691 281 738 11
325 676 374 730 IV.
393 675 522 745 Principio
534 676 621 746 generi
639 675 804 730 animantium
822 674 891 729 omni
907 678 947 729 est
964 692 979 728 a
994 678 1086 729 natura

291 752 426 816 tributum,
442 755 473 805 ut
492 769 527 816 se,
540 752 619 806 vitam
637 769 779 823 corpusque
797 755 908 815 tueatur,
926 750 1086 821 declinetque

291 845 329 896 ea,
339 846 395 898 que
407 827 524 881 nocitura
534 827 677 890 videantur,
690 828 831 900 omniaque,
841 846 898 898 que
910 826 942 881 ad
950 827 1086 882 vivendum

292 910 353 957 sunt
372 904 521 970 necessaria,
539 903 656 974 anquirat
675 908 701 959 et
719 908 799 977 paret,
812 909 842 958 ut
861 908 970 974 pastum,
983 909 1013 957 nt
1031 904 1086 957 lati-

291 978 361 1041 bula,
378 983 409 1034 ut
430 979 479 1033 alia
496 979 610 1049 ejusdem
627 981 735 1051 generis.
771 981 912 1034 Commune
931 984 1016 1033 autem
1035 980 1086 1034 ani-

292 1056 418 1110 mantium
429 1056 541 1110 omnium
554 1061 593 1111 est
603 1057 788 1126 conjunctionis
798 1056 927 1127 appetitus
939 1055 1085 1126 procreandi

294 1149 379 1198 causa,
391 1136 418 1186 et
430 1150 491 1201 cura
503 1132 616 1202 quedam
629 1150 723 1198 eorum,
738 1151 794 1203 que
807 1137 937 1202 procreata
949 1136 1017 1185 sunt.
1036 1132 1087 1186 Sed

293 1207 361 1262 inter
378 1209 504 1263 homiuem
524 1214 550 1262 et
568 1208 667 1263 beluam
688 1210 737 1264 hoe
758 1209 866 1263 maxime
883 1209 998 1271 interest,
1017 1206 1085 1277 quod

294 1284 348 1339 hec
357 1288 466 1349 tantum,
479 1290 601 1354 quantum
614 1303 692 1340 sensu
703 1287 827 1352 movetur,
837 1285 869 1339 ad
880 1283 907 1338 id
918 1283 1007 1348 solum,
1019 1282 1087 1353 quod

294 1361 367 1416 adest
386 1360 503 1432 quodque
526 1379 636 1432 presens
658 1364 706 1427 est,
725 1379 752 1415 se
776 1359 955 1424 accommodat,
974 1359 1086 1428 paullum

295 1436 429 1491 admodum
453 1439 564 1491 sentiens
588 1436 748 1507 preteritum
772 1440 817 1490 aut
841 1436 963 1490 laturum.
1000 1436 1086 1488 Homo

295 1516 388 1577 autem,
406 1511 473 1583 quod
493 1511 597 1565 rationis
619 1515 660 1566 est
681 1513 816 1583 particeps,
834 1530 880 1582 per
899 1528 975 1580 quam
996 1528 1086 1565 conse-

295 1589 398 1660 quentia
410 1589 500 1650 cemit,
508 1605 596 1641 causas
609 1605 694 1642 rerum
705 1587 783 1652 videt,
792 1605 927 1657 carumque
937 1605 1086 1657 progressus

295 1668 322 1719 et
340 1663 412 1734 quasi
429 1663 614 1718 antecessiones
632 1681 684 1718 uon
703 1664 811 1734 ignorat,
824 1663 1000 1718 similitudines
1019 1681 1087 1718 conr·

294 1743 375 1810 parat,
394 1743 421 1794 et
445 1739 521 1794 rebus
543 1739 710 1809 presentibus
734 1739 850 1810 adjungit
874 1742 950 1810 atque
974 1740 1087 1794 annectit

295 1816 410 1882 futuras3
432 1815 505 1870 facile
525 1815 606 1869 totius
626 1816 687 1870 vite
707 1834 810 1870 cursum
831 1815 907 1880 videt,
929 1814 961 1869 ad
981 1833 1087 1885 eamque

258 1902 287 1948 12
295 1891 434 1964 degendam
447 1895 571 1963 preparat
583 1910 624 1946 res
637 1893 799 1946 necessarias.
835 1891 981 1960 Eademque
993 1897 1087 1946 natura

295 1969 437 2025 virationis
453 1969 579 2023 hominem
594 1968 711 2024 conciliat
724 1968 819 2023 homiui
838 1975 864 2022 et
880 1967 1045 2022 adorationis
1060 1972 1087 2022 et

295 2045 327 2099 ad
338 2046 398 2100 vite
411 2045 573 2112 societatem
592 2045 775 2116 ingeneratque
787 2043 914 2115 inprimis
932 2042 1087 2113 precipuum

296 2121 429 2192 quemdam
450 2140 560 2177 amorem
578 2122 674 2186 ineos,
694 2121 739 2192 qui
759 2121 884 2191 procreati
904 2126 981 2186 sunt3
1000 2120 1088 2190 impel-

295 2197 383 2268 litque,
396 2200 426 2250 ut
438 2197 566 2251 hominurn
580 2201 662 2251 coetus
678 2201 705 2251 et
721 2196 901 2251 celebrationes
917 2199 945 2250 et
961 2214 1017 2250 esse
1029 2202 1055 2251 et
1073 2215 1089 2250 a

296 2290 324 2326 se
336 2271 400 2326 obiri
412 2273 481 2339 velit,
493 2272 526 2326 ob
543 2290 635 2342 casque
653 2289 742 2327 causas
760 2271 862 2326 studeat
874 2290 962 2342 parare
979 2290 1016 2335 ea,
1029 2291 1087 2342 quae

297 2346 460 2418 suppeditent
472 2351 498 2402 et
511 2348 542 2402 ad
554 2347 651 2402 cultum
661 2351 687 2402 ct
699 2347 731 2402 ad
742 2348 847 2412 uotum,
856 2365 903 2402 nec
915 2348 963 2402 sibi
975 2348 1030 2415 soli,
1043 2349 1088 2403 sed

296 2423 408 2494 conjugi,
421 2422 514 2488 liberis,
528 2423 677 2493 ceterisque,
691 2441 754 2493 quos
773 2441 844 2478 caros
862 2423 953 2478 habeat
970 2425 1089 2496 tuerique

296 2498 395 2553 debeat.
431 2499 495 2558 Quae
508 2516 568 2553 cura
585 2499 725 2553 exsuscitat
737 2499 814 2554 etiam
830 2499 927 2554 animos
941 2503 968 2554 et
980 2504 1088 2568 majores

260 2573 329 2632 laad
346 2593 399 2629 rem
414 2574 548 2645 gerendam
561 2574 630 2629 iacit.
666 2575 836 2646 inprimisque
853 2574 961 2629 hominis
978 2580 1019 2630 est
1032 2595 1089 2647 pro-

297 2650 352 2721 pria
370 2651 424 2705 veri
442 2650 573 2720 inquisitio
595 2655 672 2720 atque
690 2651 861 2722 investigatio.
897 2650 990 2721 Itaque
1011 2671 1089 2722 quum

298 2745 385 2781 sumus
403 2727 550 2782 necessariis
568 2727 679 2796 negotiis
691 2728 808 2798 curisque
819 2728 900 2795 vacui,
913 2730 969 2781 tum
985 2746 1089 2784 avemus

298 2803 392 2872 aliquid
401 2803 494 2869 videre,
505 2802 599 2868 audire,
611 2803 754 2869 addiscere3
773 2804 993 2874 cognitionemque
1004 2823 1090 2860 rerum

294 2882 342 2931 aut
360 2879 517 2934 occultarum
537 2882 583 2934 aut
602 2878 787 2935 admirabilium
809 2879 842 2934 ad
860 2879 936 2934 beate
953 2881 1090 2936 vivendum
