<?xml version="1.0" encoding="UTF-8"?>
<!DOCTYPE html PUBLIC "-//W3C//DTD XHTML 1.0 Transitional//EN"
    "http://www.w3.org/TR/xhtml1/DTD/xhtml1-transitional.dtd">
<html xmlns="http://www.w3.org/1999/xhtml" xml:lang="en" lang="en">
 <head>
  <title>
</title>
<meta http-equiv="Content-Type" content="text/html;charset=utf-8" />
  <meta name='ocr-system' content='tesseract 3.04.00' />
  <meta name='ocr-capabilities' content='ocr_page ocr_carea ocr_par ocr_line ocrx_word'/>
</head>
<body>
  <div class='ocr_page' id='page_1' title='image "./mtulliuscicerod00cicegoog_0036.png"; bbox 0 0 2575 3367; ppageno 0'>
   <div class='ocr_carea' id='block_1_1' title="bbox 284 283 786 373">
    <p class='ocr_par' dir='ltr' id='par_1_1' title="bbox 284 283 786 373">
     <span class='ocr_line' id='line_1_1' title="bbox 284 283 786 373; baseline -0.002 -14"><span class='ocrx_word' id='word_1_1' title='bbox 284 314 314 360; x_wconf 81' lang='lat' dir='ltr'><strong>aa</strong></span> <span class='ocrx_word' id='word_1_2' title='bbox 389 369 393 373; x_wconf 38' lang='lat'>‚</span> <span class='ocrx_word' id='word_1_3' title='bbox 566 311 618 359; x_wconf 82' lang='lat' dir='ltr'><strong>nn</strong></span> <span class='ocrx_word' id='word_1_4' title='bbox 633 283 786 359; x_wconf 79' lang='lat' dir='ltr'><strong>ciricus</strong></span> 
     </span>
    </p>
   </div>
   <div class='ocr_carea' id='block_1_2' title="bbox 243 421 1088 2926">
    <p class='ocr_par' dir='ltr' id='par_1_2' title="bbox 283 421 1078 1025">
     <span class='ocr_line' id='line_1_2' title="bbox 284 421 1072 491; baseline 0 -16"><span class='ocrx_word' id='word_1_5' title='bbox 284 421 385 490; x_wconf 89' lang='lat' dir='ltr'><strong>abjecta</strong></span> <span class='ocrx_word' id='word_1_6' title='bbox 403 421 472 475; x_wconf 90' lang='lat' dir='ltr'><strong>omni</strong></span> <span class='ocrx_word' id='word_1_7' title='bbox 495 422 664 490; x_wconf 74' lang='lat' dir='ltr'>cunctatione,</span> <span class='ocrx_word' id='word_1_8' title='bbox 685 421 841 491; x_wconf 85' lang='lat' dir='ltr'><strong>adipiscendi</strong></span> <span class='ocrx_word' id='word_1_9' title='bbox 862 422 1027 491; x_wconf 67' lang='lat' dir='ltr'><strong>magistratus</strong></span> <span class='ocrx_word' id='word_1_10' title='bbox 1048 430 1072 476; x_wconf 90' lang='lat' dir='ltr'><strong>ct</strong></span> 
     </span>
     <span class='ocr_line' id='line_1_3' title="bbox 283 497 1073 568; baseline 0.003 -18"><span class='ocrx_word' id='word_1_11' title='bbox 283 497 394 566; x_wconf 87' lang='lat' dir='ltr'><strong>geronda</strong></span> <span class='ocrx_word' id='word_1_12' title='bbox 405 497 547 567; x_wconf 80' lang='lat' dir='ltr'><strong>respublica</strong></span> <span class='ocrx_word' id='word_1_13' title='bbox 559 502 614 552; x_wconf 87' lang='lat' dir='ltr'><strong>est:</strong></span> <span class='ocrx_word' id='word_1_14' title='bbox 636 517 683 552; x_wconf 89' lang='lat' dir='ltr'><strong>nac</strong></span> <span class='ocrx_word' id='word_1_15' title='bbox 695 499 761 552; x_wconf 88' lang='lat' dir='ltr'><strong>cuim</strong></span> <span class='ocrx_word' id='word_1_16' title='bbox 774 498 847 551; x_wconf 85' lang='lat' dir='ltr'><strong>alitor</strong></span> <span class='ocrx_word' id='word_1_17' title='bbox 859 501 904 552; x_wconf 89' lang='lat' dir='ltr'><strong>aut</strong></span> <span class='ocrx_word' id='word_1_18' title='bbox 917 499 972 568; x_wconf 86' lang='lat' dir='ltr'><strong>regi</strong></span> <span class='ocrx_word' id='word_1_19' title='bbox 985 502 1073 553; x_wconf 85' lang='lat' dir='ltr'><strong>civitas</strong></span> 
     </span>
     <span class='ocr_line' id='line_1_4' title="bbox 284 573 1074 645; baseline 0.001 -19"><span class='ocrx_word' id='word_1_20' title='bbox 284 578 329 626; x_wconf 85' lang='lat' dir='ltr'><strong>aut</strong></span> <span class='ocrx_word' id='word_1_21' title='bbox 347 573 467 628; x_wconf 85' lang='lat' dir='ltr'><strong>declarari</strong></span> <span class='ocrx_word' id='word_1_22' title='bbox 485 574 560 628; x_wconf 88' lang='lat' dir='ltr'><strong>animi</strong></span> <span class='ocrx_word' id='word_1_23' title='bbox 578 573 728 645; x_wconf 79' lang='lat' dir='ltr'><strong>magnitudo</strong></span> <span class='ocrx_word' id='word_1_24' title='bbox 748 579 840 644; x_wconf 87' lang='lat' dir='ltr'><strong>potest.</strong></span> <span class='ocrx_word' id='word_1_25' title='bbox 877 574 1074 643; x_wconf 83' lang='lat' dir='ltr'><strong>Capessentibus</strong></span> 
     </span>
     <span class='ocr_line' id='line_1_5' title="bbox 285 648 1073 720; baseline 0 -19"><span class='ocrx_word' id='word_1_26' title='bbox 285 653 369 702; x_wconf 87' lang='lat' dir='ltr'><strong>autem</strong></span> <span class='ocrx_word' id='word_1_27' title='bbox 393 648 571 719; x_wconf 78' lang='lat' dir='ltr'>rempublicam</span> <span class='ocrx_word' id='word_1_28' title='bbox 595 651 674 705; x_wconf 89' lang='lat' dir='ltr'>nihilo</span> <span class='ocrx_word' id='word_1_29' title='bbox 698 650 788 716; x_wconf 89' lang='lat' dir='ltr'><strong>minus,</strong></span> <span class='ocrx_word' id='word_1_30' title='bbox 813 667 885 720; x_wconf 90' lang='lat' dir='ltr'><strong>qnam</strong></span> <span class='ocrx_word' id='word_1_31' title='bbox 911 649 1073 719; x_wconf 85' lang='lat' dir='ltr'><strong>philosophis,</strong></span> 
     </span>
     <span class='ocr_line' id='line_1_6' title="bbox 285 725 1076 796; baseline 0.003 -18"><span class='ocrx_word' id='word_1_32' title='bbox 285 725 353 778; x_wconf 80' lang='lat' dir='ltr'><strong>baud</strong></span> <span class='ocrx_word' id='word_1_33' title='bbox 364 725 416 781; x_wconf 88' lang='lat' dir='ltr'><strong>scio</strong></span> <span class='ocrx_word' id='word_1_34' title='bbox 428 743 461 779; x_wconf 87' lang='lat' dir='ltr'><strong>an</strong></span> <span class='ocrx_word' id='word_1_35' title='bbox 472 726 553 796; x_wconf 85' lang='lat' dir='ltr'><strong>magis</strong></span> <span class='ocrx_word' id='word_1_36' title='bbox 565 727 639 780; x_wconf 88' lang='lat' dir='ltr'><strong>ctiam</strong></span> <span class='ocrx_word' id='word_1_37' title='bbox 654 730 680 781; x_wconf 90' lang='lat' dir='ltr'><strong>et</strong></span> <span class='ocrx_word' id='word_1_38' title='bbox 698 725 885 796; x_wconf 88' lang='lat' dir='ltr'><strong>magnificentia</strong></span> <span class='ocrx_word' id='word_1_39' title='bbox 897 732 924 779; x_wconf 89' lang='lat' dir='ltr'><strong>et</strong></span> <span class='ocrx_word' id='word_1_40' title='bbox 937 725 1076 795; x_wconf 86' lang='lat' dir='ltr'><strong>despician-</strong></span> 
     </span>
     <span class='ocr_line' id='line_1_7' title="bbox 284 800 1076 871; baseline 0.003 -17"><span class='ocrx_word' id='word_1_41' title='bbox 284 801 321 854; x_wconf 85' lang='lat' dir='ltr'><strong>tia</strong></span> <span class='ocrx_word' id='word_1_42' title='bbox 332 800 472 855; x_wconf 88' lang='lat' dir='ltr'><strong>adhibenda</strong></span> <span class='ocrx_word' id='word_1_43' title='bbox 484 802 517 855; x_wconf 88' lang='lat' dir='ltr'><strong>ait</strong></span> <span class='ocrx_word' id='word_1_44' title='bbox 530 821 613 857; x_wconf 85' lang='lat' dir='ltr'><strong>rerum</strong></span> <span class='ocrx_word' id='word_1_45' title='bbox 626 805 802 866; x_wconf 88' lang='lat' dir='ltr'><strong>humanarum,</strong></span> <span class='ocrx_word' id='word_1_46' title='bbox 815 804 842 855; x_wconf 87' lang='lat' dir='ltr'><strong>et</strong></span> <span class='ocrx_word' id='word_1_47' title='bbox 861 819 899 868; x_wconf 90' lang='lat' dir='ltr'><strong>ea,</strong></span> <span class='ocrx_word' id='word_1_48' title='bbox 912 819 990 871; x_wconf 88' lang='lat' dir='ltr'><strong>quam</strong></span> <span class='ocrx_word' id='word_1_49' title='bbox 1010 819 1076 871; x_wconf 82' lang='lat' dir='ltr'><strong>saepo</strong></span> 
     </span>
     <span class='ocr_line' id='line_1_8' title="bbox 285 876 1078 949; baseline 0.004 -20"><span class='ocrx_word' id='word_1_50' title='bbox 285 876 348 944; x_wconf 85' lang='lat' dir='ltr'><strong>dico,</strong></span> <span class='ocrx_word' id='word_1_51' title='bbox 360 877 529 948; x_wconf 85' lang='lat' dir='ltr'><strong>tranquillitas</strong></span> <span class='ocrx_word' id='word_1_52' title='bbox 541 879 617 932; x_wconf 92' lang='lat' dir='ltr'><strong>animi</strong></span> <span class='ocrx_word' id='word_1_53' title='bbox 629 884 706 949; x_wconf 87' lang='lat' dir='ltr'><strong>atqua</strong></span> <span class='ocrx_word' id='word_1_54' title='bbox 718 878 858 932; x_wconf 82' lang='lat' dir='ltr'><strong>securitas:</strong></span> <span class='ocrx_word' id='word_1_55' title='bbox 882 877 904 931; x_wconf 90' lang='lat' dir='ltr'><strong>si</strong></span> <span class='ocrx_word' id='word_1_56' title='bbox 916 877 1017 947; x_wconf 86' lang='lat' dir='ltr'><strong>quidem</strong></span> <span class='ocrx_word' id='word_1_57' title='bbox 1030 895 1078 932; x_wconf 87' lang='lat' dir='ltr'><strong>neo</strong></span> 
     </span>
     <span class='ocr_line' id='line_1_9' title="bbox 285 953 1076 1025; baseline 0.001 -20"><span class='ocrx_word' id='word_1_58' title='bbox 285 953 353 1006; x_wconf 76' lang='lat' dir='ltr'><strong>anxii</strong></span> <span class='ocrx_word' id='word_1_59' title='bbox 364 953 446 1008; x_wconf 85' lang='lat' dir='ltr'><strong>futuri</strong></span> <span class='ocrx_word' id='word_1_60' title='bbox 458 957 518 1008; x_wconf 88' lang='lat' dir='ltr'><strong>sunt</strong></span> <span class='ocrx_word' id='word_1_61' title='bbox 530 959 557 1008; x_wconf 88' lang='lat' dir='ltr'><strong>ct</strong></span> <span class='ocrx_word' id='word_1_62' title='bbox 569 972 627 1009; x_wconf 90' lang='lat' dir='ltr'><strong>oum</strong></span> <span class='ocrx_word' id='word_1_63' title='bbox 638 955 765 1025; x_wconf 85' lang='lat' dir='ltr'><strong>gravitate</strong></span> <span class='ocrx_word' id='word_1_64' title='bbox 773 953 966 1024; x_wconf 71' lang='lat' dir='ltr'><strong>constantiaque</strong></span> <span class='ocrx_word' id='word_1_65' title='bbox 975 953 1076 1007; x_wconf 82' lang='lat' dir='ltr'><strong>victuri.</strong></span> 
     </span>
    </p>

    <p class='ocr_par' dir='ltr' id='par_1_3' title="bbox 243 1028 1079 2089">
     <span class='ocr_line' id='line_1_10' title="bbox 243 1028 1077 1101; baseline -0.002 -17"><span class='ocrx_word' id='word_1_66' title='bbox 243 1035 274 1084; x_wconf 79' lang='lat' dir='ltr'><strong>ta</strong></span> <span class='ocrx_word' id='word_1_67' title='bbox 287 1029 352 1086; x_wconf 82' lang='lat' dir='ltr'><strong>Quae</strong></span> <span class='ocrx_word' id='word_1_68' title='bbox 364 1028 476 1084; x_wconf 79' lang='lat' dir='ltr'><strong>faciliora</strong></span> <span class='ocrx_word' id='word_1_69' title='bbox 487 1032 547 1085; x_wconf 88' lang='lat' dir='ltr'><strong>aunt</strong></span> <span class='ocrx_word' id='word_1_70' title='bbox 559 1030 722 1101; x_wconf 85' lang='lat' dir='ltr'><strong>philosophis,</strong></span> <span class='ocrx_word' id='word_1_71' title='bbox 736 1048 786 1101; x_wconf 95' lang='lat' dir='ltr'><strong>quo</strong></span> <span class='ocrx_word' id='word_1_72' title='bbox 798 1030 881 1083; x_wconf 90' lang='lat' dir='ltr'><strong>minus</strong></span> <span class='ocrx_word' id='word_1_73' title='bbox 894 1029 976 1083; x_wconf 88' lang='lat' dir='ltr'><strong>multa</strong></span> <span class='ocrx_word' id='word_1_74' title='bbox 988 1034 1077 1099; x_wconf 86' lang='lat' dir='ltr'><strong>patent</strong></span> 
     </span>
     <span class='ocr_line' id='line_1_11' title="bbox 284 1103 1078 1176; baseline 0 -19"><span class='ocrx_word' id='word_1_75' title='bbox 284 1103 313 1157; x_wconf 94' lang='lat' dir='ltr'><strong>in</strong></span> <span class='ocrx_word' id='word_1_76' title='bbox 324 1122 411 1158; x_wconf 87' lang='lat' dir='ltr'><strong>eorum</strong></span> <span class='ocrx_word' id='word_1_77' title='bbox 423 1107 483 1170; x_wconf 87' lang='lat' dir='ltr'><strong>vita,</strong></span> <span class='ocrx_word' id='word_1_78' title='bbox 496 1124 552 1176; x_wconf 78' lang='lat' dir='ltr'><strong>quaa</strong></span> <span class='ocrx_word' id='word_1_79' title='bbox 568 1107 675 1160; x_wconf 83' lang='lat' dir='ltr'><strong>fortuna</strong></span> <span class='ocrx_word' id='word_1_80' title='bbox 688 1107 770 1172; x_wconf 82' lang='lat' dir='ltr'><strong>feriat,</strong></span> <span class='ocrx_word' id='word_1_81' title='bbox 782 1111 807 1160; x_wconf 87' lang='lat' dir='ltr'><strong>et</strong></span> <span class='ocrx_word' id='word_1_82' title='bbox 824 1122 874 1176; x_wconf 89' lang='lat' dir='ltr'><strong>quo</strong></span> <span class='ocrx_word' id='word_1_83' title='bbox 887 1105 970 1159; x_wconf 91' lang='lat' dir='ltr'><strong>minus</strong></span> <span class='ocrx_word' id='word_1_84' title='bbox 989 1105 1078 1158; x_wconf 87' lang='lat' dir='ltr'><strong>multia</strong></span> 
     </span>
     <span class='ocr_line' id='line_1_12' title="bbox 286 1180 1078 1254; baseline 0 -20"><span class='ocrx_word' id='word_1_85' title='bbox 286 1180 361 1235; x_wconf 89' lang='lat' dir='ltr'><strong>rebus</strong></span> <span class='ocrx_word' id='word_1_86' title='bbox 374 1186 464 1252; x_wconf 87' lang='lat' dir='ltr'><strong>egent:</strong></span> <span class='ocrx_word' id='word_1_87' title='bbox 488 1186 514 1237; x_wconf 88' lang='lat' dir='ltr'><strong>et</strong></span> <span class='ocrx_word' id='word_1_88' title='bbox 527 1183 592 1253; x_wconf 88' lang='lat' dir='ltr'><strong>quia,</strong></span> <span class='ocrx_word' id='word_1_89' title='bbox 606 1183 628 1237; x_wconf 91' lang='lat' dir='ltr'><strong>si</strong></span> <span class='ocrx_word' id='word_1_90' title='bbox 641 1182 703 1254; x_wconf 93' lang='lat' dir='ltr'><strong>quid</strong></span> <span class='ocrx_word' id='word_1_91' title='bbox 717 1181 816 1236; x_wconf 87' lang='lat' dir='ltr'><strong>adversi</strong></span> <span class='ocrx_word' id='word_1_92' title='bbox 834 1181 942 1248; x_wconf 86' lang='lat' dir='ltr'><strong>eveniat,</strong></span> <span class='ocrx_word' id='word_1_93' title='bbox 954 1185 1008 1234; x_wconf 89' lang='lat' dir='ltr'><strong>tam</strong></span> <span class='ocrx_word' id='word_1_94' title='bbox 1019 1199 1078 1251; x_wconf 86' lang='lat' dir='ltr'><strong>gra-</strong></span> 
     </span>
     <span class='ocr_line' id='line_1_13' title="bbox 285 1257 1078 1330; baseline -0.001 -18"><span class='ocrx_word' id='word_1_95' title='bbox 285 1257 352 1312; x_wconf 75' lang='lat' dir='ltr'><strong>vitor</strong></span> <span class='ocrx_word' id='word_1_96' title='bbox 372 1258 462 1314; x_wconf 83' lang='lat' dir='ltr'><strong>cadere</strong></span> <span class='ocrx_word' id='word_1_97' title='bbox 482 1277 533 1313; x_wconf 90' lang='lat' dir='ltr'><strong>non</strong></span> <span class='ocrx_word' id='word_1_98' title='bbox 558 1264 673 1330; x_wconf 88' lang='lat' dir='ltr'><strong>possunt.</strong></span> <span class='ocrx_word' id='word_1_99' title='bbox 710 1258 839 1317; x_wconf 76' lang='lat' dir='ltr'><strong>Quocirca</strong></span> <span class='ocrx_word' id='word_1_100' title='bbox 858 1275 909 1311; x_wconf 89' lang='lat' dir='ltr'><strong>non</strong></span> <span class='ocrx_word' id='word_1_101' title='bbox 929 1257 983 1312; x_wconf 87' lang='lat' dir='ltr'><strong>sine</strong></span> <span class='ocrx_word' id='word_1_102' title='bbox 1000 1275 1078 1312; x_wconf 88' lang='lat' dir='ltr'><strong>causa</strong></span> 
     </span>
     <span class='ocr_line' id='line_1_14' title="bbox 286 1335 1078 1404; baseline 0 -16"><span class='ocrx_word' id='word_1_103' title='bbox 286 1335 393 1404; x_wconf 87' lang='lat' dir='ltr'><strong>majoros</strong></span> <span class='ocrx_word' id='word_1_104' title='bbox 413 1339 497 1391; x_wconf 89' lang='lat' dir='ltr'><strong>motus</strong></span> <span class='ocrx_word' id='word_1_105' title='bbox 518 1336 659 1390; x_wconf 89' lang='lat' dir='ltr'><strong>animorum</strong></span> <span class='ocrx_word' id='word_1_106' title='bbox 677 1335 845 1401; x_wconf 89' lang='lat' dir='ltr'><strong>concitantur,</strong></span> <span class='ocrx_word' id='word_1_107' title='bbox 864 1336 995 1404; x_wconf 89' lang='lat' dir='ltr'><strong>majorque</strong></span> <span class='ocrx_word' id='word_1_108' title='bbox 1015 1351 1078 1388; x_wconf 87' lang='lat' dir='ltr'><strong>cura</strong></span> 
     </span>
     <span class='ocr_line' id='line_1_15' title="bbox 286 1409 1079 1481; baseline -0.003 -17"><span class='ocrx_word' id='word_1_109' title='bbox 286 1411 415 1465; x_wconf 87' lang='lat' dir='ltr'><strong>afficienda</strong></span> <span class='ocrx_word' id='word_1_110' title='bbox 430 1411 609 1480; x_wconf 86' lang='lat' dir='ltr'><strong>rempublicam</strong></span> <span class='ocrx_word' id='word_1_111' title='bbox 627 1409 782 1481; x_wconf 82' lang='lat' dir='ltr'><strong>gerentibus,</strong></span> <span class='ocrx_word' id='word_1_112' title='bbox 799 1428 873 1481; x_wconf 89' lang='lat' dir='ltr'><strong>quam</strong></span> <span class='ocrx_word' id='word_1_113' title='bbox 891 1409 1000 1479; x_wconf 88' lang='lat' dir='ltr'><strong>quietis;</strong></span> <span class='ocrx_word' id='word_1_114' title='bbox 1026 1427 1079 1480; x_wconf 89' lang='lat' dir='ltr'><strong>qno</strong></span> 
     </span>
     <span class='ocr_line' id='line_1_16' title="bbox 287 1485 1078 1556; baseline -0.001 -17"><span class='ocrx_word' id='word_1_115' title='bbox 287 1487 367 1556; x_wconf 86' lang='lat' dir='ltr'><strong>magis</strong></span> <span class='ocrx_word' id='word_1_116' title='bbox 381 1487 412 1540; x_wconf 89' lang='lat' dir='ltr'><strong>iis</strong></span> <span class='ocrx_word' id='word_1_117' title='bbox 426 1491 453 1541; x_wconf 90' lang='lat' dir='ltr'><strong>et</strong></span> <span class='ocrx_word' id='word_1_118' title='bbox 465 1486 614 1556; x_wconf 84' lang='lat' dir='ltr'><strong>magnitudo</strong></span> <span class='ocrx_word' id='word_1_119' title='bbox 627 1487 702 1540; x_wconf 89' lang='lat' dir='ltr'><strong>animi</strong></span> <span class='ocrx_word' id='word_1_120' title='bbox 715 1491 755 1540; x_wconf 86' lang='lat' dir='ltr'><strong>ost</strong></span> <span class='ocrx_word' id='word_1_121' title='bbox 771 1485 912 1541; x_wconf 84' lang='lat' dir='ltr'><strong>adhibenda</strong></span> <span class='ocrx_word' id='word_1_122' title='bbox 924 1489 950 1539; x_wconf 89' lang='lat' dir='ltr'><strong>et</strong></span> <span class='ocrx_word' id='word_1_123' title='bbox 962 1486 1078 1539; x_wconf 84' lang='lat' dir='ltr'><strong>vacuitas</strong></span> 
     </span>
     <span class='ocr_line' id='line_1_17' title="bbox 285 1560 1077 1632; baseline -0.001 -17"><span class='ocrx_word' id='word_1_124' title='bbox 285 1560 317 1615; x_wconf 86' lang='lat' dir='ltr'><strong>ab</strong></span> <span class='ocrx_word' id='word_1_125' title='bbox 338 1562 481 1630; x_wconf 81' lang='lat' dir='ltr'><strong>angoribus.</strong></span> <span class='ocrx_word' id='word_1_126' title='bbox 523 1562 564 1615; x_wconf 82' lang='lat' dir='ltr'><strong>Ad</strong></span> <span class='ocrx_word' id='word_1_127' title='bbox 580 1581 633 1616; x_wconf 89' lang='lat' dir='ltr'><strong>ram</strong></span> <span class='ocrx_word' id='word_1_128' title='bbox 652 1562 788 1632; x_wconf 87' lang='lat' dir='ltr'><strong>gerendam</strong></span> <span class='ocrx_word' id='word_1_129' title='bbox 806 1567 891 1616; x_wconf 84' lang='lat' dir='ltr'><strong>autam</strong></span> <span class='ocrx_word' id='word_1_130' title='bbox 910 1561 954 1632; x_wconf 85' lang='lat' dir='ltr'><strong>qni</strong></span> <span class='ocrx_word' id='word_1_131' title='bbox 971 1561 1077 1628; x_wconf 88' lang='lat' dir='ltr'><strong>accedit,</strong></span> 
     </span>
     <span class='ocr_line' id='line_1_18' title="bbox 285 1637 1076 1709; baseline 0 -19"><span class='ocrx_word' id='word_1_132' title='bbox 285 1643 380 1701; x_wconf 85' lang='lat' dir='ltr'><strong>caveat,</strong></span> <span class='ocrx_word' id='word_1_133' title='bbox 393 1655 426 1692; x_wconf 89' lang='lat' dir='ltr'><strong>ne</strong></span> <span class='ocrx_word' id='word_1_134' title='bbox 437 1637 464 1692; x_wconf 92' lang='lat' dir='ltr'><strong>id</strong></span> <span class='ocrx_word' id='word_1_135' title='bbox 475 1637 555 1696; x_wconf 89' lang='lat' dir='ltr'><strong>modo</strong></span> <span class='ocrx_word' id='word_1_136' title='bbox 560 1638 710 1703; x_wconf 88' lang='lat' dir='ltr'><strong>consideret,</strong></span> <span class='ocrx_word' id='word_1_137' title='bbox 724 1657 798 1709; x_wconf 90' lang='lat' dir='ltr'><strong>quam</strong></span> <span class='ocrx_word' id='word_1_138' title='bbox 808 1638 851 1692; x_wconf 92' lang='lat' dir='ltr'><strong>illa</strong></span> <span class='ocrx_word' id='word_1_139' title='bbox 862 1656 903 1692; x_wconf 83' lang='lat' dir='ltr'><strong>res</strong></span> <span class='ocrx_word' id='word_1_140' title='bbox 915 1638 1022 1691; x_wconf 85' lang='lat' dir='ltr'><strong>honesta</strong></span> <span class='ocrx_word' id='word_1_141' title='bbox 1034 1637 1076 1701; x_wconf 90' lang='lat' dir='ltr'><strong>sit,</strong></span> 
     </span>
     <span class='ocr_line' id='line_1_19' title="bbox 286 1713 1079 1784; baseline 0.003 -18"><span class='ocrx_word' id='word_1_142' title='bbox 286 1713 331 1767; x_wconf 87' lang='lat' dir='ltr'><strong>sed</strong></span> <span class='ocrx_word' id='word_1_143' title='bbox 343 1713 426 1777; x_wconf 87' lang='lat' dir='ltr'><strong>etiam,</strong></span> <span class='ocrx_word' id='word_1_144' title='bbox 441 1720 470 1768; x_wconf 89' lang='lat' dir='ltr'><strong>nt</strong></span> <span class='ocrx_word' id='word_1_145' title='bbox 487 1713 579 1768; x_wconf 88' lang='lat' dir='ltr'><strong>babeat</strong></span> <span class='ocrx_word' id='word_1_146' title='bbox 591 1714 717 1769; x_wconf 85' lang='lat' dir='ltr'><strong>efficiendi</strong></span> <span class='ocrx_word' id='word_1_147' title='bbox 729 1714 893 1769; x_wconf 81' lang='lat' dir='ltr'><strong>facultatem:</strong></span> <span class='ocrx_word' id='word_1_148' title='bbox 919 1713 947 1767; x_wconf 81' lang='lat' dir='ltr'><strong>ia</strong></span> <span class='ocrx_word' id='word_1_149' title='bbox 959 1731 1009 1784; x_wconf 94' lang='lat' dir='ltr'><strong>quo</strong></span> <span class='ocrx_word' id='word_1_150' title='bbox 1021 1713 1079 1784; x_wconf 83' lang='lat' dir='ltr'><strong>ipso</strong></span> 
     </span>
     <span class='ocr_line' id='line_1_20' title="bbox 286 1789 1079 1860; baseline 0.001 -17"><span class='ocrx_word' id='word_1_151' title='bbox 286 1789 495 1844; x_wconf 81' lang='lat' dir='ltr'><strong>considerandum</strong></span> <span class='ocrx_word' id='word_1_152' title='bbox 518 1795 566 1856; x_wconf 85' lang='lat' dir='ltr'><strong>est,</strong></span> <span class='ocrx_word' id='word_1_153' title='bbox 590 1809 623 1845; x_wconf 87' lang='lat' dir='ltr'><strong>uo</strong></span> <span class='ocrx_word' id='word_1_154' title='bbox 647 1795 692 1845; x_wconf 89' lang='lat' dir='ltr'><strong>aut</strong></span> <span class='ocrx_word' id='word_1_155' title='bbox 716 1794 812 1845; x_wconf 84' lang='lat' dir='ltr'><strong>temere</strong></span> <span class='ocrx_word' id='word_1_156' title='bbox 835 1790 952 1860; x_wconf 83' lang='lat' dir='ltr'><strong>desperet</strong></span> <span class='ocrx_word' id='word_1_157' title='bbox 973 1795 1079 1860; x_wconf 82' lang='lat' dir='ltr'><strong>propter</strong></span> 
     </span>
     <span class='ocr_line' id='line_1_21' title="bbox 288 1865 1079 1937; baseline 0 -18"><span class='ocrx_word' id='word_1_158' title='bbox 288 1865 421 1935; x_wconf 83' lang='lat' dir='ltr'><strong>ignaviam,</strong></span> <span class='ocrx_word' id='word_1_159' title='bbox 435 1870 479 1920; x_wconf 91' lang='lat' dir='ltr'><strong>aut</strong></span> <span class='ocrx_word' id='word_1_160' title='bbox 495 1866 570 1921; x_wconf 88' lang='lat' dir='ltr'><strong>nimia</strong></span> <span class='ocrx_word' id='word_1_161' title='bbox 585 1865 695 1921; x_wconf 89' lang='lat' dir='ltr'><strong>confidat</strong></span> <span class='ocrx_word' id='word_1_162' title='bbox 713 1870 818 1937; x_wconf 89' lang='lat' dir='ltr'><strong>propter</strong></span> <span class='ocrx_word' id='word_1_163' title='bbox 835 1865 1009 1936; x_wconf 86' lang='lat' dir='ltr'><strong>cupiditatem.</strong></span> <span class='ocrx_word' id='word_1_164' title='bbox 1044 1865 1079 1919; x_wconf 88' lang='lat' dir='ltr'><strong>In</strong></span> 
     </span>
     <span class='ocr_line' id='line_1_22' title="bbox 288 1940 1079 2014; baseline -0.001 -18"><span class='ocrx_word' id='word_1_165' title='bbox 288 1941 405 1997; x_wconf 89' lang='lat' dir='ltr'><strong>omnibus</strong></span> <span class='ocrx_word' id='word_1_166' title='bbox 422 1947 508 1996; x_wconf 89' lang='lat' dir='ltr'><strong>autem</strong></span> <span class='ocrx_word' id='word_1_167' title='bbox 524 1943 634 2013; x_wconf 86' lang='lat' dir='ltr'><strong>nogotiis</strong></span> <span class='ocrx_word' id='word_1_168' title='bbox 652 1943 730 2013; x_wconf 89' lang='lat' dir='ltr'><strong>prius,</strong></span> <span class='ocrx_word' id='word_1_169' title='bbox 744 1961 819 2014; x_wconf 90' lang='lat' dir='ltr'><strong>quam</strong></span> <span class='ocrx_word' id='word_1_170' title='bbox 835 1941 990 2014; x_wconf 85' lang='lat' dir='ltr'><strong>aggrediare,</strong></span> <span class='ocrx_word' id='word_1_171' title='bbox 1008 1940 1079 1996; x_wconf 90' lang='lat' dir='ltr'><strong>adbi-</strong></span> 
     </span>
     <span class='ocr_line' id='line_1_23' title="bbox 288 2017 707 2089; baseline -0.002 -16"><span class='ocrx_word' id='word_1_172' title='bbox 288 2017 370 2073; x_wconf 89' lang='lat' dir='ltr'><strong>beuda</strong></span> <span class='ocrx_word' id='word_1_173' title='bbox 381 2022 422 2073; x_wconf 90' lang='lat' dir='ltr'><strong>est</strong></span> <span class='ocrx_word' id='word_1_174' title='bbox 433 2019 582 2089; x_wconf 85' lang='lat' dir='ltr'><strong>proeparatio</strong></span> <span class='ocrx_word' id='word_1_175' title='bbox 594 2018 707 2089; x_wconf 84' lang='lat' dir='ltr'><strong>diligens.</strong></span> 
     </span>
    </p>

    <p class='ocr_par' dir='ltr' id='par_1_4' title="bbox 245 2093 1082 2621">
     <span class='ocr_line' id='line_1_24' title="bbox 245 2093 1080 2166; baseline -0.001 -18"><span class='ocrx_word' id='word_1_176' title='bbox 245 2096 277 2148; x_wconf 80' lang='lat'><strong>74</strong></span> <span class='ocrx_word' id='word_1_177' title='bbox 323 2095 412 2149; x_wconf 78' lang='lat' dir='ltr'>XXIL</span> <span class='ocrx_word' id='word_1_178' title='bbox 425 2095 475 2149; x_wconf 81' lang='lat' dir='ltr'><strong>sed</strong></span> <span class='ocrx_word' id='word_1_179' title='bbox 483 2114 561 2166; x_wconf 90' lang='lat' dir='ltr'><strong>quum</strong></span> <span class='ocrx_word' id='word_1_180' title='bbox 569 2095 682 2166; x_wconf 83' lang='lat' dir='ltr'><strong>plerique</strong></span> <span class='ocrx_word' id='word_1_181' title='bbox 691 2094 905 2158; x_wconf 86' lang='lat' dir='ltr'><strong>arbitrentur,res</strong></span> <span class='ocrx_word' id='word_1_182' title='bbox 913 2093 1015 2148; x_wconf 87' lang='lat' dir='ltr'><strong>bellicas</strong></span> <span class='ocrx_word' id='word_1_183' title='bbox 1028 2112 1080 2147; x_wconf 92' lang='lat' dir='ltr'><strong>ma-</strong></span> 
     </span>
     <span class='ocr_line' id='line_1_25' title="bbox 285 2169 1080 2240; baseline 0.001 -17"><span class='ocrx_word' id='word_1_184' title='bbox 285 2169 354 2238; x_wconf 80' lang='lat' dir='ltr'><strong>joras</strong></span> <span class='ocrx_word' id='word_1_185' title='bbox 360 2187 423 2234; x_wconf 79' lang='lat' dir='ltr'><strong>aare,</strong></span> <span class='ocrx_word' id='word_1_186' title='bbox 432 2189 507 2240; x_wconf 89' lang='lat' dir='ltr'><strong>qnam</strong></span> <span class='ocrx_word' id='word_1_187' title='bbox 513 2170 774 2238; x_wconf 62' lang='lat' dir='ltr'><strong>urbanasminnenda</strong></span> <span class='ocrx_word' id='word_1_188' title='bbox 780 2175 821 2225; x_wconf 86' lang='lat' dir='ltr'><strong>cst</strong></span> <span class='ocrx_word' id='word_1_189' title='bbox 828 2169 981 2239; x_wconf 74' lang='lat' dir='ltr'><strong>baoopinio.</strong></span> <span class='ocrx_word' id='word_1_190' title='bbox 999 2169 1080 2224; x_wconf 89' lang='lat' dir='ltr'><strong>Multi</strong></span> 
     </span>
     <span class='ocr_line' id='line_1_26' title="bbox 287 2243 1079 2318; baseline 0.001 -20"><span class='ocrx_word' id='word_1_191' title='bbox 287 2245 354 2298; x_wconf 88' lang='lat' dir='ltr'><strong>anim</strong></span> <span class='ocrx_word' id='word_1_192' title='bbox 374 2243 441 2298; x_wconf 88' lang='lat' dir='ltr'><strong>bella</strong></span> <span class='ocrx_word' id='word_1_193' title='bbox 458 2263 524 2314; x_wconf 75' lang='lat' dir='ltr'><strong>ampo</strong></span> <span class='ocrx_word' id='word_1_194' title='bbox 543 2247 713 2316; x_wconf 80' lang='lat' dir='ltr'><strong>quaesiverunt</strong></span> <span class='ocrx_word' id='word_1_195' title='bbox 730 2251 835 2318; x_wconf 83' lang='lat' dir='ltr'><strong>proptor</strong></span> <span class='ocrx_word' id='word_1_196' title='bbox 852 2246 939 2316; x_wconf 81' lang='lat' dir='ltr'><strong>gloriae</strong></span> <span class='ocrx_word' id='word_1_197' title='bbox 954 2246 1079 2316; x_wconf 83' lang='lat' dir='ltr'><strong>cupidita·</strong></span> 
     </span>
     <span class='ocr_line' id='line_1_27' title="bbox 286 2319 1080 2394; baseline 0.003 -20"><span class='ocrx_word' id='word_1_198' title='bbox 286 2324 353 2374; x_wconf 86' lang='lat' dir='ltr'><strong>tem:</strong></span> <span class='ocrx_word' id='word_1_199' title='bbox 376 2327 452 2389; x_wconf 82' lang='lat' dir='ltr'><strong>atque</strong></span> <span class='ocrx_word' id='word_1_200' title='bbox 464 2319 489 2373; x_wconf 87' lang='lat' dir='ltr'><strong>id</strong></span> <span class='ocrx_word' id='word_1_201' title='bbox 502 2321 529 2374; x_wconf 90' lang='lat' dir='ltr'><strong>in</strong></span> <span class='ocrx_word' id='word_1_202' title='bbox 540 2322 638 2392; x_wconf 89' lang='lat' dir='ltr'><strong>magnis</strong></span> <span class='ocrx_word' id='word_1_203' title='bbox 651 2322 740 2377; x_wconf 87' lang='lat' dir='ltr'><strong>animis</strong></span> <span class='ocrx_word' id='word_1_204' title='bbox 759 2322 919 2394; x_wconf 82' lang='lat' dir='ltr'><strong>ingeniisque</strong></span> <span class='ocrx_word' id='word_1_205' title='bbox 931 2321 1080 2393; x_wconf 87' lang='lat' dir='ltr'><strong>plerumque</strong></span> 
     </span>
     <span class='ocr_line' id='line_1_28' title="bbox 286 2395 1081 2467; baseline 0.003 -17"><span class='ocrx_word' id='word_1_206' title='bbox 286 2395 419 2466; x_wconf 82' lang='lat' dir='ltr'><strong>contingit,</strong></span> <span class='ocrx_word' id='word_1_207' title='bbox 431 2413 511 2466; x_wconf 89' lang='lat' dir='ltr'><strong>eoquo</strong></span> <span class='ocrx_word' id='word_1_208' title='bbox 520 2398 608 2467; x_wconf 83' lang='lat' dir='ltr'><strong>magis,</strong></span> <span class='ocrx_word' id='word_1_209' title='bbox 622 2398 643 2452; x_wconf 90' lang='lat' dir='ltr'><strong>si</strong></span> <span class='ocrx_word' id='word_1_210' title='bbox 656 2402 717 2452; x_wconf 89' lang='lat' dir='ltr'><strong>sunt</strong></span> <span class='ocrx_word' id='word_1_211' title='bbox 730 2397 763 2452; x_wconf 88' lang='lat' dir='ltr'><strong>ad</strong></span> <span class='ocrx_word' id='word_1_212' title='bbox 774 2417 828 2453; x_wconf 86' lang='lat' dir='ltr'><strong>rem</strong></span> <span class='ocrx_word' id='word_1_213' title='bbox 840 2398 975 2452; x_wconf 84' lang='lat' dir='ltr'><strong>militarem</strong></span> <span class='ocrx_word' id='word_1_214' title='bbox 987 2398 1041 2467; x_wconf 87' lang='lat' dir='ltr'><strong>apti</strong></span> <span class='ocrx_word' id='word_1_215' title='bbox 1053 2404 1081 2452; x_wconf 89' lang='lat' dir='ltr'><strong>ct</strong></span> 
     </span>
     <span class='ocr_line' id='line_1_29' title="bbox 286 2471 1082 2543; baseline 0.003 -16"><span class='ocrx_word' id='word_1_216' title='bbox 286 2471 371 2542; x_wconf 92' lang='lat' dir='ltr'><strong>cupidi</strong></span> <span class='ocrx_word' id='word_1_217' title='bbox 383 2471 505 2527; x_wconf 87' lang='lat' dir='ltr'><strong>bellorum</strong></span> <span class='ocrx_word' id='word_1_218' title='bbox 521 2473 697 2543; x_wconf 87' lang='lat' dir='ltr'><strong>gerendorum.</strong></span> <span class='ocrx_word' id='word_1_219' title='bbox 733 2474 801 2529; x_wconf 85' lang='lat' dir='ltr'><strong>Vara</strong></span> <span class='ocrx_word' id='word_1_220' title='bbox 819 2477 904 2529; x_wconf 89' lang='lat' dir='ltr'><strong>autem</strong></span> <span class='ocrx_word' id='word_1_221' title='bbox 921 2474 944 2529; x_wconf 89' lang='lat' dir='ltr'><strong>si</strong></span> <span class='ocrx_word' id='word_1_222' title='bbox 961 2474 1082 2529; x_wconf 87' lang='lat' dir='ltr'><strong>volumus</strong></span> 
     </span>
     <span class='ocr_line' id='line_1_30' title="bbox 283 2549 1082 2621; baseline 0.004 -17"><span class='ocrx_word' id='word_1_223' title='bbox 283 2551 406 2621; x_wconf 86' lang='lat' dir='ltr'><strong>judicare,</strong></span> <span class='ocrx_word' id='word_1_224' title='bbox 418 2549 505 2604; x_wconf 79' lang='lat' dir='ltr'><strong>multa.</strong></span> <span class='ocrx_word' id='word_1_225' title='bbox 517 2568 558 2604; x_wconf 86' lang='lat' dir='ltr'><strong>roa</strong></span> <span class='ocrx_word' id='word_1_226' title='bbox 575 2551 732 2606; x_wconf 81' lang='lat' dir='ltr'><strong>exstiterrmt</strong></span> <span class='ocrx_word' id='word_1_227' title='bbox 749 2551 852 2606; x_wconf 75' lang='lat' dir='ltr'><strong>urbana</strong></span> <span class='ocrx_word' id='word_1_228' title='bbox 865 2552 973 2621; x_wconf 88' lang='lat' dir='ltr'><strong>majorca</strong></span> <span class='ocrx_word' id='word_1_229' title='bbox 991 2551 1082 2607; x_wconf 88' lang='lat' dir='ltr'><strong>clario-</strong></span> 
     </span>
    </p>

    <p class='ocr_par' dir='ltr' id='par_1_5' title="bbox 244 2625 1088 2926">
     <span class='ocr_line' id='line_1_31' title="bbox 244 2625 1085 2698; baseline 0.004 -18"><span class='ocrx_word' id='word_1_230' title='bbox 244 2633 274 2685; x_wconf 79' lang='lat'><strong>75</strong></span> <span class='ocrx_word' id='word_1_231' title='bbox 288 2644 386 2698; x_wconf 83' lang='lat' dir='ltr'><strong>resque,</strong></span> <span class='ocrx_word' id='word_1_232' title='bbox 399 2644 474 2697; x_wconf 88' lang='lat' dir='ltr'><strong>quam</strong></span> <span class='ocrx_word' id='word_1_233' title='bbox 486 2625 589 2681; x_wconf 76' lang='lat' dir='ltr'><strong>bellica.</strong></span> <span class='ocrx_word' id='word_1_234' title='bbox 617 2627 742 2686; x_wconf 79' lang='lat' dir='ltr'><strong>Quamvis</strong></span> <span class='ocrx_word' id='word_1_235' title='bbox 754 2628 820 2682; x_wconf 88' lang='lat' dir='ltr'><strong>enim</strong></span> <span class='ocrx_word' id='word_1_236' title='bbox 829 2627 1012 2682; x_wconf 83' lang='lat' dir='ltr'><strong>&#39;lbemistoclos</strong></span> <span class='ocrx_word' id='word_1_237' title='bbox 1021 2631 1085 2696; x_wconf 82' lang='lat' dir='ltr'><strong>jure</strong></span> 
     </span>
     <span class='ocr_line' id='line_1_32' title="bbox 287 2703 1080 2774; baseline 0.001 -17"><span class='ocrx_word' id='word_1_238' title='bbox 287 2704 412 2768; x_wconf 86' lang='lat' dir='ltr'><strong>laudetur,</strong></span> <span class='ocrx_word' id='word_1_239' title='bbox 431 2708 458 2757; x_wconf 87' lang='lat' dir='ltr'><strong>et</strong></span> <span class='ocrx_word' id='word_1_240' title='bbox 477 2703 511 2757; x_wconf 92' lang='lat' dir='ltr'><strong>sit</strong></span> <span class='ocrx_word' id='word_1_241' title='bbox 529 2704 585 2771; x_wconf 84' lang='lat' dir='ltr'><strong>ejus</strong></span> <span class='ocrx_word' id='word_1_242' title='bbox 602 2720 702 2767; x_wconf 86' lang='lat' dir='ltr'><strong>nomen,</strong></span> <span class='ocrx_word' id='word_1_243' title='bbox 725 2722 800 2774; x_wconf 91' lang='lat' dir='ltr'><strong>quam</strong></span> <span class='ocrx_word' id='word_1_244' title='bbox 820 2704 927 2768; x_wconf 83' lang='lat' dir='ltr'><strong>Solonis,</strong></span> <span class='ocrx_word' id='word_1_245' title='bbox 947 2703 1080 2770; x_wconf 84' lang='lat' dir='ltr'><strong>ilhrstrius,</strong></span> 
     </span>
     <span class='ocr_line' id='line_1_33' title="bbox 288 2777 1083 2850; baseline 0.001 -17"><span class='ocrx_word' id='word_1_246' title='bbox 288 2780 432 2849; x_wconf 82' lang='lat' dir='ltr'><strong>citcturque</strong></span> <span class='ocrx_word' id='word_1_247' title='bbox 445 2778 550 2833; x_wconf 84' lang='lat' dir='ltr'><strong>Salamis</strong></span> <span class='ocrx_word' id='word_1_248' title='bbox 562 2777 708 2833; x_wconf 81' lang='lat' dir='ltr'><strong>clarissimae</strong></span> <span class='ocrx_word' id='word_1_249' title='bbox 720 2780 795 2834; x_wconf 85' lang='lat' dir='ltr'><strong>testis</strong></span> <span class='ocrx_word' id='word_1_250' title='bbox 807 2780 927 2844; x_wconf 78' lang='lat' dir='ltr'><strong>victoria,</strong></span> <span class='ocrx_word' id='word_1_251' title='bbox 941 2799 997 2850; x_wconf 83' lang='lat' dir='ltr'><strong>quaa</strong></span> <span class='ocrx_word' id='word_1_252' title='bbox 1010 2788 1083 2835; x_wconf 86' lang='lat' dir='ltr'><strong>anta-</strong></span> 
     </span>
     <span class='ocr_line' id='line_1_34' title="bbox 288 2853 1088 2926; baseline 0.004 -17"><span class='ocrx_word' id='word_1_253' title='bbox 288 2858 397 2924; x_wconf 84' lang='lat' dir='ltr'><strong>pouatar</strong></span> <span class='ocrx_word' id='word_1_254' title='bbox 408 2853 622 2910; x_wconf 83' lang='lat' dir='ltr'><strong>consilioSolonis</strong></span> <span class='ocrx_word' id='word_1_255' title='bbox 634 2854 666 2922; x_wconf 88' lang='lat' dir='ltr'><strong>ei,</strong></span> <span class='ocrx_word' id='word_1_256' title='bbox 676 2871 726 2925; x_wconf 92' lang='lat' dir='ltr'><strong>qno</strong></span> <span class='ocrx_word' id='word_1_257' title='bbox 737 2855 845 2926; x_wconf 87' lang='lat' dir='ltr'><strong>primum</strong></span> <span class='ocrx_word' id='word_1_258' title='bbox 856 2856 990 2911; x_wconf 84' lang='lat' dir='ltr'><strong>constituit</strong></span> <span class='ocrx_word' id='word_1_259' title='bbox 1000 2857 1088 2912; x_wconf 61' lang='lat' dir='ltr'><strong>Area</strong></span> 
     </span>
    </p>
   </div>
   <div class='ocr_carea' id='block_1_3' title="bbox 0 0 1306 3367">
    <p class='ocr_par' dir='ltr' id='par_1_6' title="bbox 0 0 1306 3367">
     <span class='ocr_line' id='line_1_35' title="bbox 0 0 1306 3367; baseline 0 0"><span class='ocrx_word' id='word_1_260' title='bbox 0 0 1306 3367; x_wconf 95' lang='lat' dir='ltr'><strong> </strong></span> 
     </span>
    </p>
   </div>
  </div>
 </body>
</html>
