2575 3367
318 262 348 309 86
599 256 648 303 DE
666 254 819 303 oramus

317 372 413 432 nostro,
430 366 458 420 in
477 365 592 420 oratione
613 364 700 419 Crassi
719 365 842 436 seriptum
864 364 968 437 copiose
989 366 1106 423 videmus

319 448 395 499 Hane
407 462 468 513 ergo
480 440 688 497 consuetudinem
701 440 866 513 benignitatis
879 444 1013 515 largitioni
1026 463 1106 499 niune·

317 543 371 577 nuu
385 522 459 591 longe
472 523 606 589 antepono.
636 518 701 573 lloeo
713 524 752 573 est
761 518 878 589 gravium
889 520 1024 577 hominnm
1037 526 1107 591 atque

317 617 473 668 magnorum,
488 596 530 651 illa
541 595 614 667 qnasi
630 601 816 650 assentatorum
830 596 926 668 populi,
941 596 1107 653 multitudinis

276 677 446 737 bilaritatem
456 673 587 743 voluptate
599 672 672 743 quasi
684 672 850 727 titillantium.
869 673 1014 731 Conveniet
1026 680 1107 729 antem

317 772 395 824 quum
414 752 441 805 in
458 749 541 804 dando
558 750 704 804 munificum
723 768 786 816 essa,
798 753 854 804 tum
873 749 900 804 in
917 751 1047 823 exigendo
1062 768 1109 805 non

317 829 443 892 acerbum,
452 827 479 881 in
490 826 609 897 omnique
618 845 646 881 re
659 826 836 892 contrahenda,
845 826 987 893 vendendo,
998 826 1109 891 emendo,

317 903 488 968 conducendo,
501 903 624 970 locando;
643 902 819 959 vicinitatibus
835 908 862 959 et
875 904 992 960 conliniis
1004 922 1110 977 aequum,

317 982 424 1048 facilem,
442 981 523 1035 msdta
539 979 627 1034 multis
645 979 677 1034 de
695 998 742 1036 sno
757 982 815 1051 jure
832 981 973 1048 oedentom,
992 980 1111 1037 alitibus

318 1077 386 1124 vero,
404 1062 526 1130 quantum
545 1056 628 1124 liceat,
647 1060 674 1111 et
693 1058 778 1111 nescio
795 1076 828 1112 an
846 1056 932 1129 paullo
950 1057 1009 1129 plus
1028 1058 1109 1121 etiam,

320 1155 393 1208 quam
406 1135 488 1201 liccat,
497 1134 681 1188 abhorrentem.
711 1134 759 1188 Est
771 1135 838 1189 enim
851 1152 900 1189 non
914 1134 990 1189 modo
1003 1133 1109 1198 liberale,

319 1213 431 1285 paullum
446 1229 634 1282 nonnumquam
650 1209 682 1264 de
698 1228 745 1265 sno
760 1211 818 1281 jure
834 1210 963 1277 decedere,
978 1212 1024 1267 sed
1036 1212 1110 1266 inler-

319 1290 381 1345 dum
400 1291 475 1345 etiam
487 1288 656 1343 fructuosum.
694 1287 818 1343 Habenda
835 1296 920 1343 autem
937 1288 1005 1343 ratio
1021 1293 1061 1345 sat
1077 1287 1111 1343 rei

319 1368 464 1432 familiaris3
483 1383 558 1436 qnam
571 1362 672 1435 quidem
690 1362 767 1419 dilabi
784 1365 866 1420 sinere
884 1364 1040 1437 flagitiosum
1057 1368 1109 1421 est:

320 1444 365 1498 scd
388 1445 432 1507 ita,
459 1445 489 1496 ut
512 1440 690 1496 illiberalitatis
715 1442 877 1513 avaritiaque
900 1440 969 1497 absit
993 1441 1110 1514 suspicio.

320 1520 400 1573 Posse
420 1518 488 1573 enim
505 1517 658 1572 liberalitate
675 1517 722 1582 uti,
742 1536 794 1573 non
814 1518 966 1589 spoliantem
988 1537 1017 1574 se
1038 1516 1111 1590 patri·

319 1596 411 1661 monio,
421 1595 540 1650 nimirum
552 1594 575 1649 is
587 1599 627 1649 est
639 1595 753 1665 pecunie
765 1595 864 1650 fruetus
878 1595 1013 1651 maximus.
1031 1594 1111 1651 Recte

318 1673 394 1728 etiam
407 1671 582 1741 Theophrasto
598 1674 638 1725 est
653 1670 756 1725 laudata
766 1672 936 1742 hospitalitas.
971 1672 1023 1727 Est
1038 1671 1111 1735 enim,

320 1755 350 1804 nt
368 1750 429 1804 mihi
447 1748 547 1820 quidem
564 1748 673 1811 videtur,
687 1748 760 1803 vnlde
778 1748 905 1813 decorum,
918 1750 1008 1819 patere
1025 1748 1111 1803 domos

320 1827 448 1882 hominnm
462 1825 599 1881 illustrium
611 1824 754 1881 illustribus
766 1825 924 1897 hospitibus:
943 1824 1022 1897 idque
1037 1824 1112 1881 etiarn

320 1904 464 1975 reipubheae
476 1906 516 1958 est
525 1909 682 1969 ornamento,
691 1902 804 1957 homines
816 1906 936 1961 externos
948 1902 998 1958 hoc
1006 1900 1112 1957 liberali·

321 1981 382 2035 tatis
395 1999 487 2051 genere
499 1980 527 2034 in
535 1979 598 2035 urbe
607 1984 696 2034 nostra
708 1997 761 2034 non
772 1997 855 2051 egere.
876 1978 925 2033 Est
938 1982 1025 2033 autem
1037 1978 1112 2035 etiarn

321 2057 484 2112 veliementer
496 2056 559 2111 utile
570 2056 610 2121 iis,
624 2057 667 2128 qui
680 2056 787 2111 honeste
803 2073 878 2127 posse
894 2054 1004 2111 multum
1017 2055 1111 2119 volunt

321 2151 367 2203 per
387 2132 501 2202 hospites
522 2132 589 2201 apud
610 2137 730 2188 externos
748 2132 855 2205 populos
874 2130 958 2187 valere
976 2131 1070 2203 opibus
1088 2134 1108 2187 el

321 2208 412 2278 gratia.
442 2208 634 2278 rlheophrastua
647 2210 748 2280 quidem
760 2209 856 2275 scribit,
869 2208 997 2264 Cimonem
1005 2210 1102 2265 Attene

321 2286 400 2338 etiem
412 2286 442 2337 ira
458 2302 516 2337 suos
532 2289 642 2341 euriotes
658 2287 785 2341 madar
799 2286 944 2355 hospitalem
952 2286 1060 2351 fuisse:
1079 2288 1096 2341 it

322 2362 392 2414 caim
404 2362 545 2414 instituisse
560 2366 585 2415 et
596 2363 689 2417 υἱὶῐίοἰε
700 2365 866 2433 imperavisse,
879 2367 911 2416 ut
926 2365 1010 2416 omnia
1019 2362 1089 2433 presi

323 2447 422 2501 serasar,
435 2438 582 2508 quicumque
593 2439 718 2493 Ζασίαᾰω
726 2442 756 2494 in
767 2441 855 2493 uillam
866 2457 939 2491 suern
952 2438 1084 2493 devertisse

282 2530 313 2576 65
358 2513 431 2567 XIX.
450 2515 512 2578 Qua
524 2518 608 2568 autem
621 2533 706 2585 opera,
716 2534 767 2570 non
778 2515 912 2586 largitione
921 2514 1078 2571 benelieiadr

323 2594 373 2654 tur,
393 2590 446 2645 haee
464 2596 519 2644 tum
536 2589 565 2645 in
581 2590 725 2646 universam
743 2591 931 2662 rempublicam,
950 2596 1005 2646 tum
1024 2591 1052 2646 in
1067 2611 1072 2645 a

324 2672 398 2743 gulos
410 2674 477 2729 circs
489 2675 663 2729 conferuntur.
699 2675 767 2729 Nam
784 2676 811 2729 in
822 2679 882 2745 juro
899 2693 997 2740 cavere,
1011 2694 1065 2731 cous

320 2752 419 2817 jurare,
433 2754 510 2821 atque
528 2751 576 2806 hoe
592 2751 704 2806 scientiae
722 2770 815 2821 genere
833 2750 951 2821 prodesse
966 2770 1041 2821 quam

322 2824 402 2891 rimis,
421 2825 583 2883 vehementer
600 2834 626 2884 et
641 2828 674 2883 ad
692 2846 753 2898 opes
770 2828 898 2899 augendas
917 2828 1054 2898 pertincte
