2575 3367
512 308 580 358 mu.
600 307 623 357 1.
640 308 713 357 CAP.
730 311 754 356 3.
1015 309 1032 356 t

236 424 263 481 di
276 422 391 493 exempla
404 420 506 492 [sunt]:
526 421 652 476 Omniaue
660 421 741 476 officia
752 419 866 491 perlecta
875 418 941 474 sint:
959 436 1033 472 uum·

238 499 298 571 quid
311 499 420 554 officium
433 496 501 551 aliud
518 497 567 551 alio
580 500 662 565 majus
677 498 726 552 sit:
746 500 773 552 et
785 515 842 566 quoe
860 499 920 549 sunt
932 494 1032 566 generis

239 575 359 647 ejusdem.
383 575 496 638 Quorum
507 577 592 628 autem
601 573 739 628 officiorum
747 575 874 643 praecepta
885 571 1031 636 traduntur,

238 672 269 708 ea
278 668 427 723 quamquam
438 649 567 720 pertinent
575 648 608 704 ad
620 649 694 704 finem
708 649 840 713 bonorum,
851 652 937 702 tamen
948 646 1032 700 minus

237 729 265 784 id
278 731 392 798 apparet,
404 726 465 795 quia
476 725 557 795 magis
568 725 602 780 ad
614 725 802 780 institutionem
814 724 875 778 vitae
891 723 1031 778 communis

237 809 354 874 spectare
365 801 500 857 ridentur:
520 801 656 870 dequibus
672 805 712 856 est
723 801 796 855 nobis
811 799 851 854 his
866 799 937 854 libris
955 796 1030 869 expli-

238 879 355 935 candum.
390 877 478 947 Atque
497 877 573 931 etiam
588 876 738 932 aliadiviuo
754 875 888 932 estofficii.
924 875 1053 930 Namet8

234 957 341 1018 *medium
360 951 485 1024 quoddam
503 955 606 1022 fficium
629 953 730 1018 dicitur,
749 956 776 1007 et
790 955 932 1023 perficium.
971 949 1032 1004 Per·

236 1030 334 1087 tectum
352 1028 460 1085 officium
478 1033 576 1092 rectum,
595 1029 691 1099 opinor,
713 1046 840 1095 vocemus,
861 1027 929 1098 quod
951 1026 1032 1081 Graeci

236 1109 383 1172 κατόρθωμα,
401 1104 450 1158 hoe
468 1111 553 1158 autem
571 1122 704 1159 commune
723 1103 858 1176 [officium]
874 1110 976 1164 καθῆκον
987 1121 1032 1157 vo-

237 1183 305 1233 cant.
336 1179 423 1250 Atque
436 1198 466 1235 ea
477 1180 513 1235 sic
526 1180 658 1245 deliniunt,
667 1186 705 1248 nt,
714 1186 806 1234 rectum
818 1178 886 1249 quod
898 1179 939 1244 sit,
948 1178 974 1233 id
983 1182 1031 1248 offa

235 1257 303 1309 ciram
315 1257 454 1324 perfectam
466 1275 521 1311 esse
534 1256 662 1321 definiant,
676 1259 780 1310 aredium
795 1261 879 1310 autem
891 1259 992 1324 capicium
1005 1256 1030 1310 id

234 1348 291 1386 esse
308 1331 402 1396 dicant,
416 1333 484 1403 quod
496 1351 541 1388 cur
559 1336 656 1387 factum
670 1333 711 1397 sit,
725 1332 790 1386 ratio
808 1330 944 1401 probabilis
959 1331 1030 1386 reddi

233 1407 323 1477 possit.
360 1407 465 1478 Triplex
480 1408 560 1478 igitur
577 1413 625 1474 est,
638 1414 669 1463 ut
686 1407 800 1463 Panaetio
812 1406 920 1473 videtur,
933 1407 1051 1462 consiliio

233 1483 349 1553 capiendi
369 1484 524 1540 deliberatio.
563 1486 638 1553 Nam,
659 1487 827 1540 honestumne
846 1484 917 1539 iactu
935 1485 977 1551 sit,
996 1505 1029 1541 an

233 1563 315 1630 turpe¹
329 1559 455 1626 dubitant,
466 1561 492 1616 id
504 1562 572 1632 quod
584 1563 611 1616 in
619 1561 826 1617 deliberationem
835 1561 911 1616 cadit.
937 1563 968 1614 In
977 1580 1028 1632 quo

232 1635 415 1698 considerando
428 1656 494 1708 saepe
507 1637 583 1692 animi
595 1639 621 1692 in
634 1637 772 1692 contrarias
786 1637 924 1692 sententias
937 1637 1028 1692 distra-

232 1709 338 1766 huntur.
374 1712 439 1768 Tum
452 1723 538 1768 autem
555 1719 599 1768 aut
616 1714 754 1784 anquirunt
767 1721 811 1768 aut
829 1713 981 1778 consultant,
995 1713 1027 1769 ad

231 1784 292 1843 ritae
310 1790 515 1844 commoditatem
531 1791 776 1862 jucunditatemque,
790 1790 822 1845 ad
834 1791 969 1845 facultates
987 1809 1027 1845 re-

230 1881 288 1918 rum
306 1868 383 1935 atque
401 1865 494 1933 copias,
508 1864 540 1920 ad
557 1884 625 1936 opes,
639 1866 671 1920 ad
683 1868 830 1938 potentiam,
843 1866 934 1935 quibus
953 1870 979 1920 et
997 1884 1025 1920 se

230 1941 331 2010 possint
342 1941 432 2009 juvare
444 1944 471 1995 et
487 1959 554 2007 soca,
568 1941 692 1998 conducat
708 1942 743 2005 id,
755 1961 841 2009 neone,
854 1941 885 1996 de
898 1960 948 2012 quo
964 1940 1025 1995 deli-

230 2014 330 2071 berant.
368 2017 433 2075 Quae
452 2016 598 2072 deliberatio
616 2019 698 2073 omnis
715 2018 884 2072 iurationem
905 2017 1024 2072 utilitatis

230 2091 307 2146 eadit.
345 2093 460 2147 Tertium
481 2093 613 2148 dubitandi
636 2113 717 2164 genus
739 2098 786 2158 est,
809 2112 886 2163 quum
910 2111 1023 2164 pugnare

228 2167 332 2222 videtur
345 2186 402 2222 cum
415 2168 522 2224 honesto
532 2169 566 2233 id,
574 2169 641 2241 quod
654 2169 822 2225 videturesse
835 2169 904 2224 utile.
935 2169 1023 2228 Quum

228 2243 297 2298 enim
310 2243 408 2298 utilitas
421 2243 453 2298 od
469 2263 497 2299 se
508 2263 604 2315 rapere,
616 2246 736 2301 honestas
755 2252 844 2300 contra
855 2263 973 2301 revocare
991 2246 1023 2302 ad

228 2337 258 2374 se
275 2318 386 2384 videtur,
399 2320 436 2386 fit,
454 2324 485 2374 nt
503 2320 660 2375 distrahatur
678 2321 728 2392 [in]
745 2322 905 2377 deliberando
924 2323 1022 2377 animus

228 2395 369 2466 afferatque
386 2396 522 2466 ancipitem
540 2415 625 2451 curam
644 2398 779 2468 cogitandi.
816 2400 873 2453 Hac
892 2398 1063 2462 divisionem

227 2490 307 2542 quum
320 2472 451 2542 praeterire
469 2472 563 2543 aliquid
581 2473 717 2527 marimum
735 2475 825 2528 vitium
843 2476 870 2529 in
887 2475 1021 2529 dividendo

226 2547 270 2617 sit,
291 2547 342 2601 duo
363 2547 533 2616 praetermissa
554 2552 622 2603 sunt.
659 2549 716 2604 Nco
737 2551 803 2604 anim
826 2550 915 2615 solum,
934 2556 1021 2605 utrum
1052 2590 1055 2594 Α

226 2623 363 2679 honestum
378 2641 411 2677 an
426 2627 502 2694 turpe
519 2625 561 2692 sit,
573 2624 705 2680 deliberari
717 2627 790 2688 solet,
803 2627 848 2681 sed
860 2627 944 2692 etism,
958 2626 1021 2681 duo-

226 2698 276 2756 bus
303 2699 440 2769 propositis
467 2699 589 2763 honestis,
607 2706 701 2773 ‚utrum
724 2700 872 2757 honestius:
901 2703 1021 2772 itemque,

224 2775 327 2832 duobus
348 2775 485 2846 propositis
506 2775 619 2842 utihbus,
639 2781 726 2832 utrum
744 2779 842 2832 utilius.
877 2778 927 2846 Ita,
946 2798 1020 2849 quom

223 2852 268 2911 ille
280 2851 408 2925 triplicem
426 2853 528 2925 putavit
545 2871 601 2910 esse
619 2856 750 2922 rationem,
763 2857 792 2910 in
807 2853 922 2929 quinque
935 2861 1039 2928 partes,
