2575 3367
492 326 559 374 LlB.
578 325 629 375 ΠΙ.
649 327 723 375 ΟΑΡ.
740 330 763 378 6.
977 331 1023 383 101

226 438 383 495 immortales
400 438 471 510 impii
485 438 616 508 judicandi
635 443 703 495 sunt.
739 441 781 496 Ab
799 442 830 497 iis
846 442 911 497 enim
929 446 1024 500 eonsti-

226 521 312 570 tutam
325 516 392 570 inter
406 516 519 570 homines
536 517 684 572 societatem
700 522 836 572 evertunt:
855 520 927 589 eujus
944 521 1023 576 eooie·

226 593 290 647 tatis
310 593 479 647 arctissimum
500 592 629 648 vinculum
652 599 700 660 est,
719 594 800 664 magis
827 594 943 650 arbitrari
966 614 1023 652 esse

227 672 318 723 eontra
337 673 461 733 naturam,
483 668 609 723 hominem
628 669 725 724 homini
745 669 877 725 detrahere
896 671 936 725 aui
955 689 1023 737 eom-

226 743 297 798 modi
309 761 392 811 oauee,
404 762 479 815 quam
491 744 576 798 omnia
587 745 745 800 ineommode
761 746 846 801 subire
857 746 898 801 vel
910 751 1022 816 externa,

226 820 268 875 vel
277 820 399 890 eorporis,
410 821 452 875 vel
463 820 539 875 etiam
551 821 631 891 ipsine
644 821 728 891 animi,
740 839 796 892 quoe
812 827 902 877 vaoent
912 823 1021 893 justitia

227 897 294 951 Haeo
305 897 373 951 enim
384 914 436 950 una
448 897 529 951 virtus
541 898 653 952 omnium
666 903 707 952 est
722 898 824 952 domina
834 902 861 954 et
873 899 961 969 regina
971 899 1021 954 vir·
1028 910 1061 958 29

226 976 322 1027 tntum.
358 972 476 1027 Forsitan
493 973 617 1044 quispiam
632 973 740 1029 dixerit:
771 975 863 1030 Nonne
881 975 963 1047 igitur
980 994 1022 1030 sa-

227 1048 344 1119 planari
360 1049 426 1104 fame
441 1049 496 1120 ipse
512 1050 669 1115 eonfieiatnr,
686 1050 820 1106 abstulerit
837 1050 921 1107 eibum
939 1052 1020 1118 alteri,

227 1125 325 1180 homini
337 1124 369 1180 ad
380 1124 475 1180 nullam
488 1143 540 1180 rem
554 1126 630 1182 utilir
654 1127 762 1183 Minime
777 1145 845 1183 vero.
881 1128 942 1182 Non
954 1129 1021 1183 enim

228 1201 292 1256 mihi
304 1204 344 1256 est
360 1201 414 1256 vita
424 1219 480 1256 mea
496 1202 591 1265 utilior,
602 1220 679 1272 qnam
693 1203 769 1258 animi
781 1203 839 1258 talis
858 1204 964 1268 affectio,
977 1222 1021 1259 ne·

227 1279 322 1333 minem
333 1282 364 1332 ut
375 1277 466 1333 violem
478 1278 603 1333 eommodi
619 1279 669 1334 mei
684 1280 774 1350 gratia
809 1280 899 1338 Quid?
920 1281 943 1334 si
954 1280 1021 1334 Pha-

227 1355 307 1421 larim,
326 1354 453 1409 erudelem
471 1358 606 1426 tyrannum
623 1356 648 1410 ei
665 1356 807 1424 immanem,
824 1355 863 1410 vir
880 1355 969 1421 bonus,
988 1373 1021 1411 ne

226 1431 282 1501 ipse
301 1430 395 1500 frigore
413 1430 568 1496 conficiatur,
587 1432 683 1486 vestitu
697 1432 804 1502 spoliare
821 1432 919 1502 possit;
938 1449 1021 1487 nonne

227 1507 325 1562 laoiatl
357 1507 422 1562 Haeo
439 1506 472 1561 ad
484 1506 650 1576 judicandum
668 1512 728 1562 snut
746 1508 870 1563 facillima„
906 1509 1058 1577 Namarini)

227 1583 289 1654 quid
308 1582 341 1637 ab
358 1582 459 1637 homine
476 1582 509 1637 ad
524 1583 618 1637 nnllam
634 1589 732 1654 partem
750 1585 815 1650 utili,
834 1589 886 1640 tnoe
901 1585 1020 1641 utilitatis

226 1677 305 1714 eausa
324 1659 473 1726 detraxeris,
493 1659 628 1714 inhumane
653 1660 742 1715 leoaris
765 1665 902 1732 eontraqne
922 1666 1020 1718 nature

226 1736 325 1808 legem:
344 1735 385 1790 sin
400 1738 485 1790 autem
501 1735 524 1790 is
540 1739 571 1790 tu
585 1735 628 1800 sis,
641 1737 685 1807 qui
700 1737 805 1791 multam
822 1738 959 1792 utilitatem
973 1739 1021 1792 rei-

226 1812 336 1884 publice
353 1815 430 1882 atque
446 1811 576 1866 hominnm
595 1813 718 1878 societati,
732 1813 754 1868 ei
771 1814 798 1868 in
812 1813 866 1867 vita
882 1831 1019 1879 remaneas,

226 1891 318 1944 afferre
329 1889 426 1958 possis:
445 1888 540 1956 siquid
552 1887 585 1943 ob
597 1907 652 1944 eam
669 1907 769 1944 oausam
782 1889 855 1944 alteri
871 1889 1018 1954 detraxeris,

225 1983 278 2020 non
296 1964 331 2020 sit
347 1963 588 2034 reprehendendum.
625 1964 671 2018 Sin
686 1969 769 2019 antem
788 1963 815 2020 id
831 1982 883 2019 non
901 1964 935 2019 sit
953 1967 1020 2034 ejas·

226 2040 311 2096 modi:
329 2057 403 2094 sunm
416 2041 507 2110 cuique
525 2040 710 2095 incommodum
726 2039 856 2094 ferendum
872 2043 913 2095 eet
925 2039 1018 2110 potius,
1066 2103 1072 2113 .

226 2135 302 2188 qnam
315 2116 348 2171 de
365 2116 469 2171 alterius
481 2115 618 2171 commodis
634 2115 825 2171 detrahendum.
861 2116 923 2171 Non
939 2116 1020 2187 igitur

225 2192 308 2264 magis
319 2194 360 2247 est
371 2195 460 2247 eontra
471 2197 588 2246 naturam
603 2191 706 2247 morbus
718 2196 763 2249 aut
781 2195 888 2263 egestas,
901 2197 946 2247 ant
958 2193 1019 2264 qnid

225 2268 358 2342 ejusmodi,
369 2286 444 2338 quarn
456 2268 581 2323 dometio
593 2271 638 2322 aut
650 2269 773 2341 appetitio
785 2269 867 2324 alieni.
892 2269 943 2324 Sed
951 2287 1019 2325 com·

225 2346 311 2403 munis
323 2345 441 2401 utilitatis
453 2344 583 2400 derelictio
595 2350 684 2400 eontra
698 2350 814 2402 naturam
826 2349 882 2401 est:
899 2350 939 2401 est
951 2347 1017 2402 enim

225 2425 330 2495 injusta
365 2422 457 2493 Itaque
472 2421 514 2476 lex
529 2422 585 2492 ipsa
597 2426 703 2490 nature,
715 2440 771 2494 quaa
785 2422 922 2477 utilitatem
940 2423 1054 2480 homi-al

224 2518 287 2556 narn
308 2501 442 2554 oonservat
462 2501 489 2552 et
510 2498 631 2566 eontinet,
650 2498 762 2554 deoernit
786 2498 907 2569 prolecto,
931 2502 962 2553 ut
985 2498 1017 2553 ab

224 2576 328 2632 homine
343 2574 419 2628 inerti
437 2576 514 2644 atque
531 2574 616 2629 inutili
633 2575 666 2629 ad
683 2575 830 2645 sapientem,
847 2573 949 2641 bonum,
966 2573 1018 2628 for-

224 2657 329 2724 temque
349 2650 432 2705 virum
455 2648 642 2705 transferantur
663 2669 705 2705 res
726 2650 758 2704 ad
778 2648 912 2704 vivendum
932 2667 1017 2704 neees-

225 2731 313 2796 sarioe;
332 2727 377 2799 qai
397 2727 419 2781 si
437 2725 565 2792 occiderit,
586 2727 695 2782 multum
712 2727 744 2782 de
761 2726 888 2782 communi
905 2725 1017 2780 ulilitate

224 2806 381 2863 detraxerit:
400 2804 475 2859 modo
486 2804 534 2858 hoe
548 2804 585 2857 ita
601 2804 684 2869 laoiat,
697 2809 735 2868 nt,
748 2821 780 2857 ne
796 2803 850 2872 ipse
866 2801 897 2856 de
913 2819 941 2856 se
952 2801 1016 2856 bene

224 2884 373 2941 existimans
389 2901 494 2954 seseque
509 2881 624 2953 diligens,
635 2880 701 2936 hano
716 2897 817 2935 oausam
833 2877 925 2933 habeat
937 2877 969 2931 ad
980 2877 1017 2932 in·
