2575 3367
501 315 571 364 mn.
589 315 609 364 1.
630 315 705 365 cAP.
723 319 763 365 88.
1002 321 1035 367 to

221 429 296 485 tium
309 426 470 482 deliberandi
481 425 632 492 habueruut,
644 445 720 497 quem
732 426 893 497 potissimum
907 426 966 482 ιιιιι
978 445 1035 483 cur·

221 525 286 561 aum
299 506 378 574 aequi
388 503 498 559 vellent:
521 522 571 575 qua
582 504 609 558 in
621 503 805 558 deliberatione
822 502 854 556 ad
866 521 938 558 auum
950 504 1035 574 cujus·

221 601 277 655 que
298 585 420 636 naturam
443 578 574 634 consilium
596 587 636 635 est
658 598 732 634 omne
753 578 930 635 revocandum.
964 581 1032 634 Nam

220 677 309 731 quum
322 657 352 711 in
367 655 491 721 omnibus,
505 674 562 726 quae
580 659 694 727 aguntur
710 674 742 711 ex
754 674 785 711 eo
801 655 884 720 modo,
897 673 947 727 quo
964 657 1033 726 quie-

219 754 276 808 que
290 737 371 788 natira
382 737 431 797 eet,
445 735 475 787 ut
487 750 564 802 supra
582 732 680 787 dictum
692 736 740 797 ert,
754 731 816 802 quid
832 732 929 796 deccat,
943 732 1033 802 exqui-

218 813 308 866 rimus
317 831 330 875 ι
350 811 407 862 tum
424 808 454 873 in
469 811 525 862 tota
542 808 597 862 vita
615 808 796 863 constituendo
806 808 887 862 multo
905 813 945 862 est
957 808 982 863 ei
995 808 1032 863 rei

219 904 290 943 cura
302 884 384 955 major
395 883 545 948 adhibenda,
558 887 589 938 ιιι
605 889 724 939 constare
741 886 767 939 in
785 885 959 954 perpetuitate
971 885 1030 940 vito
1088 883 1092 892 '

219 962 357 1034 possimus
377 960 575 1030 nobismetipsis,
595 977 643 1016 neo
662 961 689 1015 in
707 961 760 1015 ullo
777 961 859 1016 officio
877 960 1027 1016 claudicare.

218 1040 267 1095 nd
281 1039 351 1093 hanc
363 1041 449 1092 autem
461 1037 585 1092 rationem
599 1037 718 1108 quoniam
730 1038 864 1092 maximam
874 1041 923 1092 vim
936 1042 1029 1094 natura
1040 1046 1091 1094 12⁰

218 1116 313 1180 babet,
333 1113 437 1168 fortuna
453 1113 611 1184 proximam
639 1114 775 1184 utriusque
792 1114 894 1169 omnino
912 1114 1029 1171 habenda

219 1193 294 1248 rntio
311 1193 353 1245 eat
370 1189 399 1244 in
416 1188 549 1261 deligendo
565 1207 659 1261 genere
674 1191 741 1255 vitre,
755 1190 801 1245 eed
817 1195 916 1244 nature
930 1191 1026 1261 magia:

219 1269 312 1324 multo
331 1266 399 1321 enim
421 1273 448 1320 et
468 1265 563 1320 firmior
583 1269 624 1320 eet
643 1269 670 1321 et
693 1267 858 1330 constantior,
877 1269 907 1320 ιι
924 1267 1028 1324 fortuna

219 1359 419 1413 nonnumquam
431 1341 494 1412 ipsa,
507 1341 621 1396 mortalis
633 1360 693 1397 cnm
709 1341 845 1396 immortali
857 1346 949 1396 natura
962 1360 1025 1414 pug-

218 1438 287 1476 mre
298 1417 425 1473 rideatur.
461 1417 512 1484 Qui
527 1417 608 1488 igitur
624 1417 658 1472 ud
674 1423 773 1473 naturae
791 1436 844 1473 sore
859 1435 912 1473 nou
928 1419 1026 1475 vitioso

219 1513 308 1569 genus
321 1493 455 1550 consilium
466 1493 569 1550 vivendi
580 1511 655 1550 omne
667 1495 812 1560 contulerit,
823 1495 845 1549 is
857 1496 1026 1552 constantiam

219 1575 323 1629 teneat.
360 1570 392 1625 Id
403 1571 471 1625 enim
481 1571 595 1626 maxine
610 1570 700 1627 decet:
725 1572 775 1628 nisi
786 1574 854 1627 forte
872 1591 899 1627 ae
912 1572 1026 1628 intellex-

221 1651 274 1706 erit
288 1664 390 1702 emanue
401 1646 428 1701 iu
440 1645 573 1717 deligendo
585 1665 678 1716 genere
690 1648 757 1704 ritoe.
783 1648 860 1711 Quod
871 1649 894 1702 si
905 1650 1025 1705 acciderit

222 1726 424 1796 (potestantem
439 1723 573 1792 accidere),
587 1723 703 1778 facienda
720 1742 819 1778 morum
835 1725 1025 1781 mstitutorum·

221 1819 274 1871 qne
286 1799 398 1855 mutatio
409 1802 457 1854 eat.
492 1799 557 1854 Eam
569 1800 747 1864 mutationem,
760 1801 782 1855 si
794 1804 909 1871 tempora
920 1802 1025 1872 adjuva·

221 1875 297 1941 bunt,
311 1875 412 1930 lacibus
424 1874 632 1946 commodiusque
649 1877 786 1932 iaciemus:
811 1877 851 1931 siu
862 1878 953 1942 miuus,
967 1896 1024 1933 sen·
1083 1881 1088 1889 '

222 1953 272 2008 ain
294 1952 346 2007 erit
368 1950 576 2022 pedetentimque
596 1951 730 2008 facienda:v
757 1957 788 2008 ut
811 1953 941 2017 amicitias,
967 1972 1023 2024 quc

221 2030 309 2084 minus
320 2026 456 2092 delectent,
470 2030 497 2082 et
509 2028 593 2083 minus
606 2029 752 2099 probentur,
766 2029 847 2099 magia
864 2027 953 2083 decere
964 2047 1023 2084 cen·

222 2109 282 2175 rent
294 2103 425 2174 capiente·
437 2104 529 2159 sensim
542 2104 666 2171 dissuere,
677 2125 753 2176 qnam
765 2108 870 2175 repento
878 2104 1022 2174 precidere.

223 2181 391 2238 Commutato
402 2184 488 2235 autem
501 2199 594 2252 genere
606 2182 673 2247 vitre,
687 2182 756 2236 ornni
773 2182 871 2236 ratione
882 2181 1022 2237 curandum
1033 2189 1078 2237 121

217 2262 270 2324 eet,
283 2263 316 2313 ut
329 2257 356 2312 id
368 2256 434 2312 bono
446 2257 551 2312 consilio
566 2257 657 2313 fecisse
669 2258 805 2313 videamur.
842 2258 1021 2329 sedquoniam

223 2335 308 2406 paullo
321 2337 384 2388 aute
393 2332 490 2388 dietum
503 2337 551 2398 det,
563 2334 700 2389 imitandos
712 2353 772 2390 erse
780 2335 896 2404 majores,
909 2336 1021 2406 primum

226 2411 290 2466 illud
310 2409 486 2479 exceptum
465 2413 509 2476 art,
526 2427 559 2464 ne
576 2409 639 2464 vitia
657 2410 709 2464 aiut
726 2410 863 2466 imitanda:
887 2411 1020 2477 deiude‚'
999 2431 1022 2466 er

221 2492 317 2542 natura
327 2502 380 2539 non
391 2485 508 2549 ieret,t
478 2503 496 2538 u
496 2485 634 2556 tquaedam
647 2486 741 2540 imitari
757 2488 845 2558 poerit,
847 2492 913 2541 -nt
925 2489 1021 2555 superi·

221 2564 273 2618 oris
292 2561 361 2616 iilius
379 2561 501 2626 Africani,
515 2561 558 2631 qui
576 2561 644 2616 bunc
664 2562 754 2617 Paullo
771 2568 861 2618 natum
878 2563 1019 2631 adoptavit,

220 2641 329 2709 propter
344 2637 518 2692 infirmitatem
535 2637 691 2693 valetudinis
704 2643 822 2693 nontam
837 2655 870 2709 po
870 2638 922 2692 tuit
940 2638 1020 2706 patric
1079 2682 1081 2687 .

220 2714 309 2770 similis
325 2731 390 2778 esse,
404 2731 480 2782 quam
497 2712 539 2768 ille
557 2713 641 2768 lueret
659 2714 774 2768 eui2-er
766 2713 865 2784 igitur
880 2729 932 2765 non
949 2716 1019 2782 pote

219 2791 253 2846 rit
270 2791 327 2846 sire
345 2807 434 2844 causae
456 2788 617 2854 defensitare,
637 2790 691 2844 sive
711 2790 835 2859 populum
855 2788 1019 2843 concionibus

218 2872 316 2933 tenere,
329 2867 384 2922 aive
401 2865 468 2921 bella
478 2884 581 2936 gerere3
608 2866 653 2922 ille
663 2871 751 2922 tamen
768 2870 889 2936 prestare
906 2864 1017 2933 debebit,
