2575 3367
293 314 339 360 134
579 307 628 353 DE
646 306 799 355 OFFlCllS

293 419 374 487 Cujus
392 434 469 487 quum
486 415 605 471 valuisset
621 416 768 483 auotoritas,
785 416 881 488 captivi
898 416 995 471 retenti
1007 417 1075 480 sunt3

291 497 345 565 ipso
358 493 538 563 Carthaginem
551 491 642 547 rediit:
661 511 743 564 neque
755 511 814 548 eum
831 493 926 549 onrites
943 493 1031 563 patria
1043 510 1077 545 re·

291 572 379 635 tinuit,
390 588 437 625 neo
453 588 565 625 suorum.
601 570 693 640 Neque
708 589 768 626 vero
784 576 841 625 tum
855 570 1000 642 ignorabat,
1011 589 1037 625 se
1050 568 1077 623 ad

292 647 493 702 crudelissimum
514 646 613 700 hostem
637 650 664 700 et
685 647 717 700 ad
737 647 867 718 exquisito
887 646 1012 716 supplicia
1025 646 1077 717 ‘pro-

293 725 387 779 doisci:
406 722 451 777 sed
460 721 639 792 jusjurandum
648 722 975 794 oonservaudumputabat.
995 724 1078 793 Itaque

292 803 356 866 tum,
368 817 445 869 quum
463 797 591 868 vigilando
606 797 751 864 necabatur,
767 802 822 852 erat
839 798 867 852 in
882 798 988 856 meliore
1003 816 1077 861 eausa,

291 894 366 945 quam
384 875 406 929 si
423 873 492 928 domi
509 892 586 928 senex
603 874 728 944 captivus,
746 874 865 943 perjurus
886 875 1027 930 oousnlnris
1046 892 1077 929 re

238 962 281 1008 101
292 951 433 1005 mansisset.
468 951 506 1005 At
518 950 604 1013 stulte,
618 951 664 1021 qui
675 968 726 1005 nou
737 949 813 1004 modo
824 968 876 1005 nou
888 952 1018 1007 censuerit
1029 968 1080 1020 oup

291 1028 358 1081 tivos
369 1025 543 1091 remittendos,
561 1044 649 1080 verum
665 1027 741 1081 etiam
756 1025 914 1082 dissuaserit
951 1026 1080 1087 Quomodo

291 1103 389 1158 stulte?
410 1103 519 1157 etiamne
535 1102 558 1156 si
574 1101 719 1172 reipublice
736 1102 915 1158 oondueebotl>
939 1107 1027 1173 potest
1043 1121 1080 1157 au-

290 1182 351 1243 tem‚
370 1177 438 1250 quod
454 1178 544 1233 inutile
559 1176 703 1248 reipublioae
721 1178 763 1243 ait,
782 1177 809 1232 id
827 1179 948 1250 cuiquam
965 1179 1016 1235 uiri
1030 1196 1080 1234 esse

291 1255 374 1312 utile?

326 1331 457 1387 XXVIII.
476 1331 629 1386 Pervertunt
649 1331 764 1386 homines
782 1349 819 1396 ea,
841 1349 899 1402 quo
918 1335 981 1388 sunt
998 1332 1081 1388 moda

291 1413 377 1463 menta
388 1412 493 1474 naturae,
505 1425 584 1476 quum
596 1406 733 1461 utilitatem
745 1406 778 1462 ab
789 1407 925 1463 honestate
937 1409 1080 1481 sejungunt.

292 1486 385 1538 Omnes
397 1483 463 1537 enim
480 1483 621 1552 expetimus
638 1483 783 1548 utilitatem,
796 1485 829 1537 ad
841 1501 949 1554 eamque
965 1485 1080 1557 rapimur,

289 1577 336 1613 neo
354 1559 436 1613 faeere
452 1558 525 1612 editor
540 1559 592 1613 ullo
609 1558 684 1613 modo
702 1577 846 1629 possumus.
882 1561 1024 1633 Numquis
1035 1567 1079 1626 est,

291 1634 334 1705 qui
346 1633 418 1689 utilia
429 1633 530 1703 fugiat?
549 1638 594 1688 ant
606 1635 664 1705 quis
676 1635 770 1704 potius,
784 1636 828 1706 qui
846 1653 876 1690 ee
888 1654 942 1690 uon
954 1637 1080 1692 studiosis·

291 1711 353 1765 sime
371 1711 556 1781 persequatur?
592 1710 643 1765 Sed
661 1711 721 1782 quia
737 1730 862 1782 nusquam
880 1730 1020 1782 possumus
1036 1712 1080 1768 nisi

290 1786 317 1841 in
328 1787 409 1854 laude,
422 1786 520 1852 decore,
532 1787 666 1842 honestate
677 1787 751 1842 utilia
762 1788 881 1856 reperire,
894 1794 1032 1860 propterea
1041 1789 1079 1844 illu

290 1867 317 1918 et
330 1865 410 1934 primo
421 1868 447 1919 et
458 1882 557 1918 summa
568 1862 706 1931 hebemus3
725 1866 847 1920 utilitate
857 1883 954 1920 nomen
969 1884 1022 1921 nou
1031 1869 1079 1920 aa

236 1953 282 2000 102
291 1941 456 2010 splendidum,
469 1959 543 2012 quam
555 1940 728 1995 necessarium
740 1940 863 1998 ducimus.
900 1941 975 2001 Quid
987 1946 1027 1998 est
1037 1942 1079 2011 igi-

216 2074 219 2079 ,
290 2023 343 2082 tur,
355 2018 447 2073 diruerit
459 2018 524 2087 quis,
536 2017 563 2070 in
571 2015 761 2086 jurejurando?
779 2035 841 2072 num
856 2017 953 2072 iratum
965 2019 1078 2073 timemus

291 2095 311 2147 J
312 2095 403 2148 ovem?
432 2095 469 2148 At
481 2094 528 2148 hoo
541 2092 641 2165 quidem
654 2111 785 2148 commune
797 2097 837 2148 est
848 2094 962 2149 omnium
976 2095 1079 2165 philoso-

290 2169 405 2239 phorum,
417 2187 468 2223 non
479 2187 566 2223 eorum
578 2169 660 2234 modo,
674 2169 719 2239 qui
730 2168 805 2224 deum
818 2169 882 2224 nihil
893 2169 989 2226 habore
1000 2171 1080 2241 ipsum

290 2245 386 2312 negotii
398 2244 521 2313 [dieunt]‚
533 2245 596 2301 nihil
605 2245 723 2301 exhibere
735 2245 822 2301 alteri:
842 2245 887 2300 sed
896 2265 987 2302 eorum
999 2247 1080 2310 etiam,

291 2319 335 2389 qui
346 2318 420 2372 deum
438 2337 536 2388 semper
554 2339 629 2390 egere
645 2321 740 2392 aliquid
756 2326 782 2377 et
799 2322 882 2376 moliri
893 2322 994 2389 volunt,
1007 2341 1079 2376 arom

289 2412 367 2464 quam
383 2411 429 2447 aee
445 2397 522 2448 irasci
535 2396 612 2451 dum
629 2417 675 2452 aee
686 2416 780 2452 nocere.
815 2397 886 2457 Quid
903 2403 990 2453 autem
1003 2400 1079 2454 iratus

290 2469 394 2538 Jupiter
414 2470 471 2540 plus
491 2488 581 2526 nocero
603 2474 735 2543 potuisset,
756 2492 828 2545 quam
849 2475 938 2529 nocuit
960 2476 1009 2530 sibi
1030 2476 1079 2545 ipse

290 2546 425 2616 Regulus?
464 2547 542 2601 Nulla
553 2548 633 2618 igitur
649 2551 687 2604 vis
699 2550 748 2604 suit
765 2549 902 2620 religionis,
916 2570 973 2621 quae
985 2556 1079 2605 tantam

290 2622 426 2676 utilitatem
438 2627 609 2693 praeverteret.
645 2627 688 2679 An
699 2644 731 2680 ne
747 2627 858 2695 turpiter
873 2626 991 2682 faceret?
1028 2625 1079 2680 Pri·

290 2715 366 2765 mum,
380 2702 491 2754 minima
503 2701 534 2753 de
545 2703 629 2755 malis.
668 2704 737 2756 Num
750 2704 828 2772 igitur
840 2708 942 2757 tantum
956 2704 1017 2758 mali
1028 2710 1079 2758 tur

290 2773 379 2841 pitudo
397 2775 446 2829 ista
463 2775 579 2840 habebat,
599 2782 722 2846 quantum
739 2780 780 2834 ille
798 2781 946 2836 eruciatus?
982 2782 1078 2838 Deinde

288 2847 351 2902 illud
363 2851 438 2904 etiam
451 2851 517 2920 opud
529 2853 642 2918 Accium,
