2575 3367
487 336 556 385 LlB.
575 336 612 384 11.
630 335 705 384 CAP.
726 337 762 385 15.
989 340 1017 385 81

225 467 326 520 semper
344 448 370 503 in
388 448 471 504 causis
488 467 576 503 verum
594 447 681 519 sequi;
706 447 813 519 patroni,
832 465 1020 519 nonnumquam

225 526 369 592 verisimile,
381 525 456 580 etiam
475 525 598 580 siminus
616 525 651 579 sit
668 543 764 588 verum,
782 523 932 578 defendere:
952 529 1019 594 qaod

224 602 343 666 scribere,
357 601 495 672 presertim
509 620 586 672 quum
599 601 630 656 dc
643 601 802 672 philosophia
813 601 955 666 scriberem,
968 620 1021 657 non

224 679 352 743 auderem,
372 679 421 733 nisi
436 678 502 733 idem
521 678 630 748 placeret
648 678 797 747 gravissimo
812 677 955 731 Stoicorum
971 680 1037 734 Par

223 755 309 810 naetio.
348 755 462 810 Maxime
481 757 565 809 antem
582 757 609 808 et
623 753 705 825 gloria
721 754 819 825 paritur
836 758 863 808 et
882 755 965 824 gratia
976 755 1020 810 da·

223 831 389 898 tensionibus,
401 849 481 902 eoque
499 831 586 902 major,
599 831 621 884 si
639 830 740 902 quando
757 831 857 895 accidit,
870 839 901 884 ut
917 833 941 886 ei
959 832 1018 887 sub-

222 909 349 976 veniatur,
361 908 404 980 qai
417 908 528 979 potentis
545 908 653 978 alicujus
671 907 762 978 opibus
779 908 957 964 circumveniri
975 929 1018 964 ur·

222 986 329 1056 gcrique
341 985 470 1040 videatur:
489 988 519 1040 ut
530 1002 578 1039 nos
590 991 617 1039 et
636 1002 703 1055 saepe
721 984 791 1049 alias,
805 989 831 1038 et
844 985 1017 1042 adolescentes

222 1067 313 1117 contra
324 1062 355 1116 Ιι.
367 1062 442 1118 Sulla
454 1061 606 1116 dominantia
618 1078 680 1131 opes
692 1078 738 1130 pro
752 1063 778 1116 S.
789 1063 882 1117 Roscio
894 1063 1016 1118 Amerino

221 1139 344 1194 lecimus:
363 1157 427 1209 quae,
440 1141 470 1193 ut
482 1139 539 1204 scis,
550 1142 635 1192 exstat
647 1137 736 1192 oratio.

257 1221 316 1274 XV.
337 1220 387 1275 Sed
398 1221 522 1290 expositis
533 1219 729 1274 adolescentium
742 1219 836 1285 officiis,
846 1239 902 1291 quae
915 1221 1014 1276 valent
1023 1230 1055 1275 52

221 1297 252 1350 ad
266 1296 373 1367 gloriam
386 1296 580 1368 adipiscendam,
593 1296 713 1366 deinceps
725 1296 757 1350 dc
769 1297 929 1366 beraefiorntia
941 1317 970 1353 ac
983 1299 1014 1354 de

222 1374 378 1428 liberalitate
389 1373 523 1428 dicendum
537 1379 584 1427 est.
604 1372 687 1444 Cujus
699 1376 739 1426 cst
749 1373 813 1426 ratio
825 1372 925 1442 duplex.
945 1375 1013 1430 Nam

219 1454 267 1505 aut
281 1468 358 1521 opera
371 1449 479 1522 benigne
494 1451 525 1503 fit
537 1449 712 1521 indigentibus
730 1453 773 1502 aut
784 1451 904 1519 pearata
941 1449 1014 1506 Faci-

219 1526 269 1581 lior
281 1531 321 1581 cst
333 1526 388 1582 boeo
399 1527 531 1597 posterior,
545 1526 665 1596 locupleti
678 1525 831 1596 praesertim:
851 1525 896 1580 scd
907 1526 950 1580 illa
961 1528 1014 1582 lam

218 1603 272 1658 tior
284 1621 313 1658 ao
326 1602 485 1673 splendidior,
494 1608 521 1658 et
528 1604 584 1657 viro
592 1603 653 1657 lorti
664 1603 781 1672 claroque
794 1602 900 1673 dignior.
920 1604 1011 1668 Quam·

218 1698 296 1750 qnam
308 1679 374 1734 enim
386 1680 413 1734 in
425 1684 534 1750 utroque
547 1679 615 1733 inest
627 1679 785 1749 gratificandi
799 1679 907 1734 liberalis
920 1680 1009 1735 volun·

216 1761 267 1821 tas,
281 1760 368 1811 tamen
380 1757 459 1811 altera
470 1774 501 1810 ex
515 1773 581 1820 arca,
593 1755 674 1810 altera
685 1774 718 1810 ex
729 1755 825 1810 virtute
838 1755 1009 1826 depromitur:

216 1832 379 1904 largitisque,
398 1851 454 1903 qnae
472 1833 501 1886 lit
519 1850 551 1886 ex
569 1850 597 1886 re
615 1831 738 1896 familiari,
752 1831 848 1886 iontem
866 1833 949 1902 ipsum
967 1833 1012 1887 be-

217 1910 352 1981 nignitatis
366 1909 490 1964 exhaurit.
527 1909 570 1963 Ita
582 1908 740 1979 benignitate
749 1907 892 1978 benignitas
901 1907 1008 1974 tollitur,

217 2005 270 2057 qua
282 2003 332 2056 quo
345 1985 371 2040 in
384 1985 468 2056 plures
481 2003 543 2039 usus
560 1985 603 2050 sis,
617 2002 647 2038 eo
662 1985 743 2038 minus
756 1984 782 2037 in
795 1984 888 2037 multos
901 1985 939 2039 nti
952 2004 1009 2055 pos-

216 2063 261 2117 sis.
299 2063 336 2115 ut
352 2061 396 2132 qai
408 2079 492 2131 opera,
505 2061 531 2115 id
548 2066 587 2116 est
601 2061 697 2115 virtute
715 2065 742 2114 et
758 2059 891 2124 industria,
904 2060 1009 2116 benefici
1018 2076 1048 2121 53

215 2145 243 2193 et
256 2137 372 2192 liberales
388 2141 471 2204 erunt,
484 2140 600 2206 primum,
615 2154 666 2208 qno
682 2135 797 2206 pluribus
815 2137 964 2205 profuerint,
977 2157 1008 2194 eo

215 2214 303 2286 plures
322 2213 353 2267 ad
371 2213 479 2284 benigne
497 2213 638 2268 laciendum
657 2212 786 2282 adjutores
804 2212 948 2270 habebunt:
967 2214 1008 2270 ds-

213 2291 275 2346 inde
288 2290 471 2346 consuetudine
482 2289 654 2345 beneficentia
666 2290 805 2357 paratiores
817 2294 893 2344 erunt
905 2295 931 2344 ct
943 2295 1008 2346 tam·

214 2387 292 2440 quam
310 2368 499 2422 exercitatiores
521 2367 552 2421 ad
568 2367 632 2421 bene
650 2365 682 2420 de
700 2365 787 2420 multis
805 2369 1006 2436 promerendum.

204 2444 340 2519 J²raeclare
356 2443 464 2514 epistola
478 2443 585 2514 quadam
598 2441 768 2497 Alexandrum
783 2443 860 2497 filium
873 2445 1005 2515 Philippus

213 2525 327 2586 accusat,
335 2520 403 2592 quod
415 2521 548 2592 largitione
560 2519 760 2575 benevolentiam
769 2520 938 2574 Macedonum
949 2539 1006 2574 con-

214 2603 345 2654 sectetur:
366 2598 429 2664 Qua
446 2606 476 2664 ta,
491 2599 594 2665 matam,
613 2596 704 2666 inquit,
722 2597 789 2649 ratio
801 2598 831 2649 ia
848 2597 926 2649 iatam
937 2615 1003 2665 spera

214 2677 328 2742 induxit,
340 2683 369 2728 at
381 2691 421 2727 aaa
432 2673 570 2743 tibifldalar
583 2676 752 2743 patareasore,
765 2689 824 2740 quos
832 2675 939 2740 maaria
950 2690 1005 2725 cor-

213 2749 345 2822 rupisses?
381 2753 428 2803 Aa
445 2759 475 2804 to
493 2749 523 2804 id
538 2753 602 2821 apta,
614 2759 643 2802 at
656 2748 804 2801 Macedones
819 2765 873 2800 aaa
888 2757 911 2800 te
928 2765 1004 2811 recem

212 2847 294 2894 narem,
307 2827 351 2879 sert
361 2827 499 2880 ministrum
511 2831 535 2879 et
545 2827 701 2896 praebitorem
713 2822 897 2892 spereatsore?
934 2823 1004 2878 Beue

212 2907 364 2960 ministram
379 2912 401 2957 ct
414 2905 591 2970 praebitorem
610 2902 670 2972 quia
685 2899 814 2954 sordidum
826 2899 894 2970 regi:
914 2900 1003 2955 medus

600 2985 616 3016 (l
