2575 3367
280 320 318 367 26
568 317 619 367 DE
638 317 792 366 OFFICIIS

239 468 242 476 .
287 425 449 481 vehementer
464 425 555 482 arduas
572 426 709 497 plenosque
727 427 840 482 laborum
859 429 887 482 et
902 427 1080 498 perionlormn,

287 507 343 557 tum
356 503 487 568 vinetum
496 502 632 559 multarum
642 521 734 567 teram,
744 522 801 574 qam
812 503 844 558 ad
852 503 933 558 ‘eitam
942 505 1079 574 pertinent.

241 582 274 635 67
287 579 388 634 Harum
408 597 492 634 reram
513 578 618 635 duamm
640 579 758 649 splendor
778 579 861 634 omnis
881 584 908 634 et
930 580 1078 651 amplitudo,

285 654 353 710 addo
370 655 447 710 etiam
462 654 607 721 utilitatem,
619 655 646 711 in
662 656 802 725 posteriore
819 659 876 710 est:
899 673 977 711 eausa
994 661 1080 712 autem

287 740 314 786 et
326 732 391 786 ratio
403 731 513 786 officiens
526 748 631 802 magnos
649 732 715 786 viros
732 737 772 787 est
786 731 813 786 in
826 732 917 802 priore.
952 732 987 787 In
998 750 1029 788 eo
1041 738 1080 787 est

285 808 355 862 enim
366 806 438 871 illud,
451 806 519 878 quod
528 807 682 863 excellentes
696 808 792 867 animos
804 812 831 862 et
848 809 958 864 hnmana
969 814 1080 863 oontem-
1122 863 1124 873 ,

284 887 377 938 nentes
390 883 458 940 laeit.
490 883 527 938 ,ld
538 887 622 938 autem
632 884 722 954 ,ipsum
735 885 847 940 oeruitur
858 885 885 939 in
899 884 1008 952 duobus,
1020 885 1042 940 si
1054 888 1080 940 et

281 958 415 1025 eolum'id,
426 959 640 1030 quotl‘boneetum
653 961 694 1026 sit,
707 959 800 1016 bonum
808 959 917 1030 judiees,
930 965 956 1016 et
969 960 1001 1016 ab
1013 960 1081 1015 omni

285 1035 365 1100 ,animi
377 1035 567 1105 perturbatione
580 1035 644 1091 liber
656 1036 699 1092 sie.
734 1036 802 1091 Nam
820 1040 847 1092 et
859 1055 896 1102 ea,
914 1055 970 1107 quae
987 1036 1082 1092 eximia

288 1111 415 1182 plerisque
438 1116 465 1169 et
488 1112 607 1183 preelara
629 1112 756 1177 videntur,
778 1130 856 1182 parva
878 1112 978 1180 ducere,
1001 1131 1081 1184 eaque

284 1188 387 1247 ratione
398 1187 482 1245 stabili
494 1189 615 1260 firmaque
626 1193 795 1253 contemnere,
808 1189 882 1244 sortis
896 1189 973 1244 animi
985 1189 1081 1260 magni·

283 1283 339 1336 qne
360 1264 502 1323 ducendum
520 1269 575 1322 est:
603 1269 630 1321 et
648 1283 685 1331 ea,
704 1283 760 1335 que
777 1264 896 1321 ridentur
911 1265 1008 1330 soerba,
1025 1284 1081 1336 quse

289 1341 370 1397 multa
386 1347 413 1399 et
427 1343 496 1398 ram'a
511 1343 539 1398 in
554 1343 684 1398 hominum
700 1342 753 1396 vita
770 1341 922 1413 fortunaque
938 1346 1081 1409 vereantur,

235 1448 240 1457 »
284 1418 409 1484 itatem,
422 1419 528 1475 ntnibil
539 1437 555 1474 a
566 1423 638 1473 statu
651 1422 749 1473 naturae
761 1417 883 1483 disoedas,
897 1417 960 1473 nihil
972 1436 987 1481 a
999 1417 1082 1488 digni·

283 1497 343 1549 tate
360 1494 487 1563 sapientis,
500 1493 599 1549 robusti
617 1493 693 1548 animi
705 1497 745 1549 est
761 1512 909 1564 magnaeque
925 1495 1082 1558 constantiae

238 1579 277 1626 68
290 1569 351 1626 Nou
363 1574 402 1625 est
414 1574 499 1625 autem
508 1573 714 1636 consentaneum,
727 1570 772 1641 qui
788 1575 857 1624 metu
870 1588 922 1624 non
939 1569 1079 1640 frangatur,

289 1663 347 1702 eum
366 1646 448 1717 frangi
464 1645 618 1716 eupiditate:
644 1664 699 1712 neo,
718 1647 762 1717 qui
779 1646 901 1701 invietum
919 1664 947 1701 se
964 1664 980 1700 e
996 1646 1082 1702 labore

289 1722 446 1793 prestiterit,
457 1723 523 1779 rinei
540 1723 708 1792 avolnptate.
745 1722 913 1788 Quamobrem
928 1726 956 1777 et
974 1722 1028 1778 hmo
1045 1723 1081 1778 vi·

289 1798 379 1865 dende,
392 1804 418 1859 et
431 1799 542 1869 pecunie
558 1799 681 1870 fugienda
696 1799 830 1870 eupiditas.
866 1798 939 1854 Nihil
956 1798 1023 1861 enim
1041 1803 1082 1854 eet

283 1879 340 1931 tam
353 1876 456 1948 angusti
467 1876 543 1932 animi
560 1881 663 1946 tamque
679 1875 757 1945 parvi,
770 1894 844 1946 quam
861 1893 945 1930 amare
961 1874 1080 1931 divitias:

287 1953 351 2009 nihil
362 1953 493 2009 honestius
509 1954 768 2024 magnificentiusque,
782 1970 856 2022 quam
873 1952 1004 2021 peeuuiam
1022 1970 1082 2007 oon·

288 2034 409 2100 temnere,
430 2031 452 2087 si
471 2048 524 2086 non
543 2030 652 2093 habeam
678 2030 699 2084 si
717 2029 818 2094 habeas,
837 2028 869 2084 ad
889 2028 1080 2084 beneficentiam

286 2107 514 2178 liberalitatemque
532 2107 658 2165 eonfeme.
701 2105 820 2165 Cavenda
839 2110 879 2160 eet
899 2104 977 2159 etiam
994 2104 1082 2175 glorie

282 2182 423 2252 ,cupiditas
431 2188 461 2239 ut
474 2201 551 2253 supra
562 2183 629 2238 dixi:
649 2182 724 2253 eripit
732 2180 963 2245 euimlibertetem,
973 2199 1020 2249 pro
1032 2199 1083 2252 qna

288 2258 455 2327 magnanimis
466 2259 527 2314 viris
539 2259 620 2314 omnis
632 2258 708 2314 debet
719 2276 775 2315 esee
787 2258 924 2314 eontentio
953 2257 1011 2314 Neo
1022 2275 1083 2314 vero

289 2334 395 2402 imperia
411 2334 599 2404 expetendane
615 2335 700 2404 potins
718 2339 763 2390 aut
774 2352 827 2390 non
842 2333 987 2404 aooipienda
1004 2333 1084 2393 inter-

244 2410 279 2458 »69
290 2409 359 2476 dum,
377 2414 422 2465 aut
439 2409 587 2480 deponenda
601 2428 797 2482 nonnumquam.
833 2409 982 2465 Vacandum
997 2414 1084 2465 autem

285 2487 359 2547 ‚ouini
371 2493 411 2542 eet
429 2486 506 2541 animi
519 2487 718 2558 perturbatione,
731 2494 785 2543 tum
803 2487 943 2556 eupiditate
961 2491 988 2542 et
1003 2491 1083 2553 metu,

285 2569 346 2618 tum
358 2563 433 2619 etism
446 2563 596 2632 egritudine
607 2568 634 2619 et
652 2564 783 2634 voluptate
800 2564 877 2619 nimia
893 2567 920 2619 et
936 2563 1083 2629 iracundia3

290 2648 320 2695 ut
333 2639 501 2711 tranquillitas
513 2645 540 2694 et
552 2641 676 2696 securitas
688 2640 762 2705 adsit,
776 2658 832 2710 quse
848 2640 922 2694 effert
934 2658 1012 2711 quum
1024 2657 1086 2696 oon-

290 2719 418 2785 stantiam,
430 2722 485 2773 tum
497 2718 574 2773 etiam
586 2717 744 2787 dignitatem
781 2717 862 2771 Multi
879 2720 964 2771 antem
980 2721 1008 2771 et
1023 2724 1085 2773 sunt

289 2801 317 2847 et
336 2795 445 2859 suerunt,
460 2793 503 2864 qui
519 2811 582 2858 eam,
601 2812 676 2863 quam
692 2793 757 2857 dieo,
777 2792 989 2862 tranquillitatem
1008 2810 1085 2863 expe-

285 2873 375 2925 tentes
386 2887 409 2930 a
426 2869 536 2941 negotiis
552 2868 660 2939 publicis
676 2887 705 2925 se
720 2873 883 2925 remoremnt
900 2867 934 2925 ad
952 2867 1086 2940 otiumque
