2575 3367
383 308 432 356 DE
450 309 668 358 SENECTUTE.
698 309 772 357 CAP.
787 311 823 362 m
979 314 1010 363 17

218 418 311 487 cimaea,
322 418 384 472 tine
395 436 459 478 ¹mam
471 419 584 473 tortum
600 420 763 473 clondeatina
778 419 904 490 coaequia
918 423 1010 486 nuaci;

219 494 326 549 nouam
338 494 447 564 deniqne
458 494 544 562 occino,
556 495 663 548 nullum
678 496 779 548 enatum
784 497 899 564 sacinna
909 515 965 562 erae,
976 497 1013 549 ad

218 569 290 640 qood
305 569 502 639 maacipicndnm
523 588 578 624 non
594 570 677 624 libido
696 571 837 640 oolnptotia
857 572 1012 642 impellerem·

218 653 314 714 atnpra
325 662 382 697 vero
398 653 421 698 et
438 644 569 698 adulteria
585 654 607 699 et
624 663 697 701 omne
711 647 761 700 tale
770 646 912 716 flenitinm
929 648 1013 701 nullia

217 720 285 772 otiis
308 719 431 773 tecente
454 722 574 786 excitari,
598 722 657 774 nisi
681 722 830 792 uoluptatis.
877 722 1013 792 Quemne

217 794 327 849 homini
341 795 395 848 aine
412 804 511 849 natura
530 797 583 851 aine
600 797 662 867 qnia
679 796 742 850 dnm
758 797 831 849 citit
847 806 929 851 nunu
944 815 1013 867 prae·

216 869 341 924 statilino
357 870 484 935 dediaoet;
503 871 567 924 tunic
578 872 671 925 diuino
687 874 794 926 moneri
809 889 840 924 oc
857 871 924 925 dono
940 873 1014 925 nihil

217 963 270 1000 erae
281 954 333 999 tam
346 946 497 1013 inimicum,
510 963 589 1016 quom
600 949 764 1016 uoluptatem.
800 947 855 1001 Nec
869 949 941 1000 enim
953 948 1050 1000 libi-41

218 1019 284 1074 dine
295 1020 448 1074 dominante
460 1023 636 1091 temperantiae
648 1024 733 1075 locem
744 1039 801 1090 eoae,
812 1040 894 1092 neque
904 1024 1013 1076 manino

218 1097 255 1150 in
272 1096 413 1166 uoluptatis
431 1114 510 1165 reqno
529 1098 652 1151 ciramea
667 1115 739 1167 poree
758 1099 900 1152 micinam.
939 1099 1015 1165 Quod

219 1189 272 1243 quo
287 1172 373 1240 inopia
388 1173 505 1240 intelliqt'
517 1174 713 1244 pometsmqere
723 1173 925 1243 aninaojnbebat
939 1184 1014 1228 tanto

219 1249 364 1301 imitatum
380 1249 494 1318 aliquem
514 1249 643 1319 voluptate
660 1252 782 1319 emporia,
799 1259 899 1319 quanto
915 1253 1015 1320 percipi

218 1333 302 1395 posset
322 1326 461 1378 monimo:
486 1327 587 1378 numini
606 1324 719 1378 cnmtm
729 1328 793 1394 fore
813 1325 928 1388 dotium,
948 1328 1014 1394 quin

219 1398 332 1463 tamdiu,
351 1399 415 1453 dnm
435 1401 473 1452 ita
487 1399 618 1468 ponderet,
637 1399 708 1453 nitet
724 1402 824 1470 aqitore
840 1409 928 1468 mente,
945 1399 1016 1464 nihil

220 1477 330 1541 notione,
353 1473 424 1528 nituit
445 1476 595 1544 copientione
618 1477 736 1546 oomeqno‘
756 1483 845 1545 poscet.
890 1475 1014 1540 Quocirca

221 1549 295 1603 nitet
316 1567 364 1602 eoae
387 1559 442 1603 tom
465 1549 605 1604 detectabile
627 1560 730 1621 tamque
752 1550 912 1621 pestiferum,
936 1568 1016 1620 qnam

222 1626 399 1694 voluptatem:
425 1627 450 1678 ai
469 1625 572 1695 quidem
592 1643 630 1690 eo,
652 1643 734 1696 quum
754 1627 840 1694 major
859 1635 919 1679 emet
940 1635 1016 1696 atque

223 1703 334 1769 tenuior,
352 1717 427 1753 omne
445 1703 531 1754 animi
551 1702 640 1756 tannen
660 1704 836 1772 ecmtnpnerct.
872 1702 938 1756 Haeo
957 1719 1016 1756 cum

225 1776 256 1830 C.
270 1775 362 1829 Pontio
381 1775 502 1840 Samnite,
520 1779 593 1846 patre
612 1779 676 1847 ejus,
694 1793 776 1846 aquo
796 1775 911 1830 Caudino
931 1776 1016 1846 prelio

225 1852 270 1922 Sp.
283 1851 439 1918 Postumius,
450 1851 479 1906 Τ.
488 1851 621 1920 Veturius,
632 1851 756 1918 consules,
772 1851 885 1921 superati
902 1856 970 1916 sunt,
980 1851 1017 1906 lo-

224 1930 314 1983 cutum
326 1926 472 1996 Archytam,
485 1927 619 1982 Nearchus
637 1927 797 1995 Tarentinus,
812 1926 904 1996 hospes
922 1930 1018 1992 noster,

225 2005 314 2077 quiin
331 2005 442 2059 amicitia
462 2005 550 2075 populi
567 2005 677 2059 Romani
693 2008 873 2074 permanserat,
888 2021 916 2058 se
934 2020 950 2057 a
966 2021 1018 2057 ma·

223 2078 323 2151 joribus
334 2083 398 2134 natu
410 2081 537 2150 accepisse
550 2079 657 2145 dicebat,
671 2098 748 2150 quum
761 2078 862 2150 quidem
874 2079 897 2133 ei
910 2079 1019 2134 sermoni

226 2155 385 2210 interfuisset
397 2155 471 2210 Plato
484 2155 662 2210 Atheniensis:
682 2173 757 2225 quem
771 2155 908 2209 Tarentum
920 2153 1019 2209 venisse

226 2233 258 2287 In
271 2231 382 2295 Camillo,
395 2233 479 2303 Appio
492 2231 595 2286 Claudio
608 2231 753 2286 oonsulibus
765 2230 872 2299 reperio.
902 2231 1019 2290 Quorsus
1026 2233 1059 2279 4²

226 2308 300 2363 haect
325 2307 364 2362 Ut
376 2307 533 2378 intelligatis,
541 2308 564 2361 si
575 2307 733 2377 voluptatem
745 2306 873 2375 aspernari
884 2307 982 2362 ratione
993 2310 1020 2361 et

227 2383 353 2454 sapientia
371 2400 422 2437 nou
441 2400 580 2454 possemus,
599 2400 716 2452 magnoin
736 2381 876 2436 habendum
894 2383 1021 2437 senectuti

171 2524 173 2529 Ι
227 2460 344 2531 gretiam,
370 2477 427 2530 qum
450 2459 569 2522 effecerit,
582 2461 612 2512 ut
635 2457 663 2512 id
685 2475 737 2511 non
760 2457 858 2525 liberet,
879 2457 948 2528 quod
970 2476 1022 2513 uon

228 2537 366 2606 oporteret.
403 2533 515 2604 Impedit
538 2534 606 2588 enim
629 2533 762 2587 consilium
784 2532 908 2603 voluptas,
929 2533 1022 2587 rationi
1085 2535 1090 2543 '

171 2606 174 2669 Ι
227 2612 337 2674 inimice,
358 2628 387 2664 ac
407 2610 509 2673 mentis,
526 2613 557 2664 ut
579 2610 621 2663 ita'
633 2608 723 2674 dicam,
741 2609 897 2679 prestringit
917 2609 1021 2673 oculos3

171 2674 174 2693 ’
228 2707 276 2743 nec
300 2687 376 2740 habet
400 2686 479 2740 ullum
504 2702 562 2740 curn
582 2685 680 2739 virtute
700 2684 886 2738 commercium.
921 2683 1023 2738 Invitus

229 2764 330 2835 quidum
356 2761 412 2826 feci,
438 2766 467 2816 ut
491 2761 624 2815 fortissimi
647 2759 695 2813 viri
719 2761 747 2814 Τ.
765 2759 899 2817 Flaminini
919 2759 1026 2813 fratrem

230 2843 263 2896 Ia
274 2837 442 2894 Flamininum
464 2855 479 2893 e
499 2841 590 2892 senatu
608 2835 728 2908 ejicerem
749 2839 854 2908 septem
872 2835 952 2888 ausim
969 2839 1051 2900 nost,

526 2925 530 2931 ’
620 2931 638 2970 o
