2575 3367
170 2718 243 2962 Ι

466 325 535 376 mn.
553 325 589 376 11.
608 325 684 374 CAP.
702 326 742 382 24,
760 327 798 374 at.
981 325 1013 375 tt

216 442 289 508 runt,
300 437 481 510 rempublicam
497 440 608 509 augeant
624 436 737 508 imperio,
750 436 827 507 agria,
839 435 1014 507 veotigaiibua.

218 517 286 572 Hoeo
297 533 446 586 magnorum
458 513 589 569 hominum
602 519 671 579 aunt,
685 513 740 569 haeo
756 512 825 584 apud
836 516 943 583 majores
956 531 1014 568 noe·

217 598 275 648 tros
287 592 420 647 faotitata:
439 591 493 647 heo
502 609 596 663 genera
606 591 745 646 officiorum
758 590 802 661 qui
814 595 1012 660 peraequantur,

218 688 278 725 eum
291 686 391 724 summa
401 668 514 723 utilitate
525 667 671 739 reipublice
683 685 801 738 magnam
814 666 863 737 ipsi
875 665 1013 736 adipiscen-

217 752 264 802 tur
276 751 303 800 et
315 745 421 816 gratiam
434 748 462 800 et
473 744 588 816 gloriam.

255 823 292 877 Iu
304 823 345 876 itia
362 825 448 876 autem
465 822 613 876 utilitatum
623 823 754 892 preceptis
766 820 901 891 Antipater
912 819 1012 890 Tyriae,
1021 825 1054 873 86

218 899 331 964 Stoiona,
344 897 388 970 qni
403 897 512 953 Athenio
529 915 610 968 nuper
625 901 666 952 eet
682 904 806 964 mortuus,
818 897 871 951 duo
885 900 1014 968 praetrita

216 985 301 1031 ottaeet
317 993 366 1029 me
383 975 542 1043 aPuuoetia
555 974 710 1030 ualetudinis
727 976 884 1029 curationem
901 982 924 1028 et
937 991 1014 1043 peona·

217 1055 290 1107 niu:
308 1071 371 1125 qnae
382 1070 423 1108 rea
435 1070 451 1107 a
466 1070 565 1108 aummo
576 1051 728 1123 philosopho
739 1051 882 1123 preteritae
894 1050 1012 1117 arbitror,

218 1129 289 1202 quod
309 1133 395 1185 essent
412 1129 508 1184 iaoiiea.
545 1128 611 1184 Sunt
629 1133 699 1184 uerte
716 1128 809 1184 utiles:
830 1127 876 1182 aed
893 1127 1014 1183 valetudo

218 1210 382 1262 sustentatur
401 1205 495 1261 notitia
512 1205 553 1261 ani
573 1205 687 1276 eorporis
708 1208 736 1261 ot
754 1204 938 1268 observatione,
957 1223 1013 1275 quaa

216 1300 261 1338 ree
279 1287 325 1337 aut
342 1281 461 1353 prodesse
479 1281 578 1338 soleant
595 1286 640 1337 aut
658 1280 756 1346 obeeee,
767 1284 795 1336 et
813 1281 970 1336 eontinentie
985 1280 1014 1336 in

217 1359 291 1415 viotu
302 1359 371 1414 omni
382 1363 459 1430 atque
470 1358 542 1413 uultu
554 1359 667 1429 eorporis
679 1358 768 1412 tuendi
780 1375 864 1422 eausa,
874 1360 901 1412 et
910 1361 1014 1428 preter·

216 1435 352 1492 mittendis
370 1435 551 1506 voluptatibus,
569 1439 699 1505 postremo
716 1439 772 1489 arte
791 1453 886 1499 eorum,
905 1451 1012 1503 quorum

215 1511 252 1568 nd
264 1512 396 1567 seientiam
408 1510 462 1567 haee
472 1511 609 1581 pertinent.
628 1513 677 1566 Rea
686 1516 769 1566 autem
776 1511 926 1581 saeuitiam
934 1510 1012 1581 queri
1021 1517 1053 1570 87

217 1588 297 1644 debet
314 1589 346 1644 iis
364 1586 448 1653 rebus,
467 1606 482 1642 a
500 1587 592 1659 quibua
610 1587 684 1643 abest
701 1588 851 1659 turpitudo;
870 1588 1013 1643 conservari

217 1669 306 1720 autem
331 1664 464 1736 diligentia
487 1669 515 1720 et
538 1664 699 1736 parsimonia,
722 1665 811 1720 iisdem
835 1665 911 1719 etiam
936 1665 1012 1720 rebus

219 1741 317 1813 angeri.
356 1742 413 1796 Hae
431 1759 472 1796 rea
490 1740 693 1796 eommodisaime
710 1741 855 1812 Xenophon
869 1740 1013 1796 Socratioue

218 1822 370 1890 persecutae
382 1821 422 1872 est
435 1817 461 1872 in
473 1835 503 1872 eo
516 1817 589 1882 libro,
600 1818 644 1888 qui
655 1819 839 1872 OEconomieut
849 1817 1013 1872 inscribitur:

219 1913 295 1966 quem
313 1911 368 1959 noa,
386 1893 437 1949 iata
455 1893 509 1949 fere
530 1898 606 1949 aetate
627 1912 705 1964 quum
727 1912 848 1960 essentne¹
866 1912 918 1965 qua
937 1913 965 1949 eo
982 1897 1013 1947 tu

217 1988 296 2035 nuno,
309 1988 324 2025 e
336 1971 462 2025 Groeooin
476 1971 599 2025 Latinum
611 1970 792 2026 convertimus.

255 2046 342 2102 XXV.
362 2046 412 2101 Sed
423 2047 571 2101 utilitatum
582 2050 745 2117 temperatio,
759 2046 876 2117 quoniam
889 2045 930 2101 hio
941 2044 1011 2100 loona
1020 2057 1052 2105 88

218 2134 274 2178 erat
287 2127 393 2194 quartus
406 2140 422 2177 a
433 2124 548 2179 Panaetio
559 2124 753 2194 pretermisaus,
767 2140 833 2192 aaepe
845 2127 885 2177 eet
897 2140 1012 2177 neeessa-

217 2200 264 2254 ria
300 2199 368 2254 Nam
386 2203 413 2254 et
431 2200 544 2270 eorporis
562 2201 695 2255 commoda
711 2219 769 2255 oum
787 2197 908 2263 externis,
924 2203 950 2254 et
968 2218 1012 2254 ex·

217 2278 293 2330 terna
305 2294 361 2331 oum
375 2277 495 2346 eorporis,
508 2282 535 2332 et
548 2276 603 2348 ipsa
614 2277 683 2332 inter
695 2295 722 2331 se
738 2276 850 2347 oorporia
867 2279 894 2330 et
906 2280 1013 2331 externa

218 2369 276 2407 euro
290 2353 402 2408 externis
415 2353 554 2424 comparari
566 2353 658 2408 solent.
695 2353 759 2407 Cum
773 2353 885 2407 externis
898 2353 1011 2423 eorporis

218 2428 267 2484 hoo
286 2428 362 2484 modo
379 2433 572 2500 comparantur:
592 2428 685 2484 Valere
702 2433 733 2484 ut
750 2430 830 2493 mulie,
847 2448 922 2500 quam
940 2428 1011 2484 dives

218 2523 290 2572 esae;
309 2523 368 2560 oum
380 2506 496 2595 corporis·
504 2511 548 2560 ext
549 2525 610 2561 erna
627 2506 676 2560 hoe
689 2506 778 2561 modo:
798 2506 878 2561 Dives
896 2523 952 2559 esse
969 2522 1011 2573 po·

218 2583 279 2647 tius,
298 2600 376 2652 quam
395 2582 511 2637 maximis
532 2582 645 2653 eorporis
666 2582 772 2637 viribus.
809 2583 872 2652 Ipsa
892 2581 959 2634 inter
982 2596 1028 2634 ee

218 2658 332 2748 eorporis
351 2657 395 2724 aio,
414 2664 444 2713 ut
432 2657 528 2714 tbona
548 2657 668 2714 valetudo
688 2659 805 2729 voluptat
806 2658 815 2712 i
779 2659 1009 2742 aanteponatur,

219 2735 285 2790 vires
307 2701 447 2800 oeleriiati3
466 2740 630 2789 externorum
650 2739 694 2789 aut
695 2753 742 2800 ern,
759 2740 789 2788 ut
807 2733 888 2804 gioria
905 2730 986 2785 divit'
958 2736 1009 2796 t,na

218 2829 263 2868 teo
263 2812 354 2882 tigulia
365 2811 462 2865 urbana
473 2812 584 2866 rusticis.
620 2813 661 2866 Ex
674 2830 724 2882 quo
736 2829 828 2882 genere
844 2808 1009 2880 comparatio·
1000 2814 1050 2862 -89

219 2889 257 2944 nia
275 2888 403 3013 rw
414 2887 520 2944 Catonia
539 2888 623 2943 aenio.
642 2907 658 2943 a
678 2905 729 2960 quo
749 2906 828 2962 quum
846 2890 1010 2958 quereretur,
