2575 3367
391 327 439 374 DE
459 327 634 375 AMICITIA.
665 327 739 375 cAP.
754 328 791 382 ll,
806 328 842 374 la
979 330 1009 375 51

219 439 287 494 illius
300 438 400 503 furoris,
413 437 458 492 sed
470 437 559 493 ducem
572 437 688 508 praebuit.
723 439 814 507 Itaque
831 436 879 492 hac
895 437 1011 502 amentia,

220 516 360 587 quaestione
371 532 436 568 nova
447 514 605 584 perterritus,
618 513 645 567 iu
657 513 741 567 Asiam
752 513 874 584 profugit,
885 513 916 568 ad
924 515 1011 568 hostes

220 611 248 646 se
260 591 376 653 contulit,
388 609 474 661 poenas
485 590 628 660 reipublicae
640 608 729 661 graves
738 591 872 661 justasque
884 590 1011 660 persolvit.

220 667 300 722 Nulla
311 672 351 722 est
363 667 442 738 igitur
454 668 583 722 excusatio
595 667 699 736 peccati,
713 667 735 721 si
753 667 825 721 amici
838 685 913 720 causa
924 684 1011 736 pecca-

221 744 294 798 veris.
330 743 406 808 Nam,
420 761 496 814 quum
509 743 667 798 conciliatrix
679 743 796 798 amicitiae
808 742 910 797 virtutis
925 743 1012 811 opinio

220 820 306 884 luerit,
325 819 423 875 difficile
441 823 480 874 est
498 819 632 874 amicitiam
651 837 758 885 manere,
777 819 799 875 si
820 838 836 874 a
855 818 952 875 virtute
969 818 1013 873 de·

220 896 318 951 feceris.
354 895 432 954 Quod
455 896 477 951 si
500 902 597 950 rectum
619 896 791 962 statuerimus,
811 896 851 952 vel
875 894 1050 951 concederete

221 973 316 1040 amicis,
334 972 456 1044 quidquid
475 972 560 1041 velint,
573 973 612 1027 rel
629 973 765 1043 impetrare
782 973 813 1029 ab
831 973 870 1038 iis,
889 971 1012 1043 quidquid

220 1049 339 1115 velimus3
353 1048 573 1119 perfectaquidem
584 1048 707 1120 sapientia
716 1051 802 1114 simus,
812 1050 834 1104 si
846 1050 908 1104 nihil
920 1048 1011 1104 habeat

220 1143 262 1180 res
281 1126 352 1181 vitii:
375 1126 419 1180 sed
437 1126 563 1197 loquimur
581 1125 612 1181 de
629 1127 661 1182 iis
679 1127 773 1192 amicis,
786 1127 830 1198 qni
848 1132 907 1182 ante
924 1126 1010 1181 oeulos

220 1205 290 1269 sunt,
300 1201 486 1273 quosvidimua,
499 1206 544 1257 aut
555 1202 588 1258 de
599 1203 691 1274 quibus
703 1204 847 1258 memoriam
860 1204 1009 1273 accepimus,

220 1294 285 1350 quos
302 1278 374 1333 novit
391 1279 444 1334 rita
461 1279 608 1334 communis.
644 1279 687 1334 Ex
703 1280 752 1335 hoc
766 1297 870 1334 numero
882 1280 955 1334 nobis
966 1298 1010 1334 ex·

221 1353 305 1423 ampla
322 1354 444 1410 sumenda
458 1359 527 1420 sunt,
540 1359 566 1410 et
582 1372 669 1410 eorum
682 1354 783 1425 quidem
794 1355 909 1420 maxime,
922 1355 966 1426 qui
977 1354 1010 1410 ad

220 1430 370 1499 sapientiam
381 1431 493 1501 proxime
511 1430 641 1486 ascedant.
677 1430 799 1486 Videmus
818 1434 915 1501 Papum
932 1432 1050 1512 Emi-³9

220 1505 283 1559 liam
295 1506 322 1559 (l.
335 1506 447 1561 Luscino
459 1507 605 1562 familiarem
617 1506 703 1573 luisse,
718 1508 766 1578 (sic
778 1525 794 1562 a
809 1507 924 1578 patribus
942 1526 1011 1564 acee-

220 1581 325 1651 pimus,)
338 1581 377 1636 bis
395 1601 446 1637 una
463 1582 586 1651 consules,
603 1584 712 1656 collegas
728 1584 755 1638 in
773 1602 894 1640 censura:
913 1589 969 1640 tum
984 1589 1012 1641 et

220 1676 279 1712 oum
293 1658 324 1712 iis
336 1662 363 1713 et
374 1658 442 1713 inter
453 1677 480 1715 se
493 1660 711 1731 conjunctissimos
723 1661 802 1717 inisse
814 1661 861 1715 Μ’.
870 1662 972 1716 Curium
984 1666 1012 1718 et

219 1734 258 1788 Ti.
273 1733 458 1789 Coruncanium
481 1737 608 1791 memoriae
631 1735 759 1807 proditum
783 1740 830 1793 est.
871 1737 957 1808 Igitur
979 1757 1012 1793 ne

220 1809 345 1880 suspicari
355 1809 456 1880 quidem
469 1828 610 1881 possumus,
624 1829 774 1882 quemqnam
786 1811 876 1866 horum
888 1813 920 1867 ab
932 1813 1012 1868 amico

220 1886 349 1960 quidpiam
367 1887 535 1954 contendisse,
557 1888 624 1960 qnod
643 1892 732 1943 contra
750 1887 832 1954 tidem,
854 1899 942 1944 contra
955 1893 1012 1959 jua-

217 1963 362 2035 jurandum,
375 1969 464 2020 contra
475 1966 654 2035 rempublicam
666 1969 742 2019 esset.
771 1965 839 2019 Nam
851 1965 900 2021 hoc
911 1966 1012 2036 quidem

220 2042 248 2096 in
259 2040 352 2096 talibus
363 2041 425 2096 viris
442 2041 503 2114 quid
520 2043 613 2097 attinet
630 2041 722 2105 dicere,
734 2041 757 2096 si
773 2041 954 2107 contendisset,
967 2042 1014 2097 im-

219 2120 439 2188 petraturumuou
449 2119 548 2173 luisset
561 2135 639 2189 qnnm
647 2117 683 2172 illi
692 2117 845 2173 sanctissimi
854 2118 901 2173 riri
910 2118 1012 2185 fuerint,

220 2212 292 2266 oeqne
304 2200 388 2250 autern
401 2196 472 2251 naias
484 2195 527 2259 sit,
539 2195 590 2251 tale
602 2195 697 2266 aliquid
708 2198 735 2250 et
752 2197 835 2252 iacere
850 2200 967 2268 rogatum
985 2206 1012 2252 et

220 2288 317 2342 rogare
352 2272 389 2326 At
407 2289 467 2326 vero
483 2271 522 2326 Ti.
536 2271 677 2327 Gracchum
695 2273 865 2342 sequebantur
877 2275 908 2328 G.
920 2273 1012 2339 Carbo,

221 2348 248 2401 (t.
259 2347 333 2434 Cato,
343 2349 370 2401 et
381 2347 483 2402 minime
494 2351 557 2404 tunc
569 2347 671 2420 quidem
682 2347 760 2404 Caius
772 2350 857 2416 irater,
867 2368 935 2406 nunc
946 2350 1014 2406 idem

221 2439 368 2476 acerrimas.
468 2450 471 2456 ·

255 2497 319 2552 ΧΠ.
337 2497 402 2553 Hec
417 2498 497 2571 igitur
511 2499 553 2556 lex
569 2500 596 2556 in
611 2501 722 2557 amicitia
737 2502 873 2567 sanciatur,
886 2505 916 2558 ut
931 2510 1053 2574 neqnelo

220 2591 340 2645 rogemus
352 2591 393 2629 res
404 2577 501 2646 turpes,
513 2594 561 2632 nec
572 2577 693 2632 iaciamus
711 2578 803 2649 rogati,
838 2578 930 2648 Turpis
947 2579 1014 2634 enim

220 2649 351 2705 excusatio
374 2652 415 2705 est
438 2654 465 2706 et
488 2652 590 2708 minime
613 2653 758 2723 accipienda
778 2671 857 2724 qnam
875 2652 903 2707 in
923 2655 1014 2710 ceteris

220 2725 339 2795 peccatis,
351 2729 406 2780 tum
420 2726 442 2781 si
454 2726 510 2798 quis
522 2731 611 2783 contra
621 2728 801 2802 rempublicam
814 2747 842 2783 se
853 2729 926 2783 amici
938 2748 1015 2786 causa

220 2801 311 2856 iecisse
332 2801 449 2856 fateatur.
484 2803 586 2858 Etenim
607 2821 637 2859 eo
656 2803 719 2868 loco,
740 2804 820 2858 Fanni
843 2808 870 2857 et
894 2805 1012 2872 Scarola,

219 2877 296 2934 locati
308 2895 404 2943 sumus,
417 2881 448 2933 ut
465 2895 512 2934 nos
528 2879 604 2950 louge
622 2880 765 2951 prospicere
779 2884 895 2951 oporteat
913 2882 1014 2938 suturae
