2575 3367
480 318 547 368 LIB.
566 317 603 366 11.
624 318 699 366 cal’.
718 319 755 366 16.
984 323 1015 368 88

216 433 366 496 amicorum,
388 431 482 486 autin
501 430 610 485 filiamm
633 429 799 504 collocatione
820 429 950 500 adjuvant,
971 437 1016 487 aut

219 509 380 580 opitulantur
397 509 426 563 in
445 527 473 562 re
491 508 532 563 vel
550 507 686 578 quaerenda
704 507 744 561 vel
765 508 888 578 augenda
924 510 1016 581 Itaque

219 587 307 649 miror,
321 584 383 656 quid
395 586 422 639 iu
434 589 545 639 mentem
558 584 658 638 venerit
671 583 846 654 Theophrasto
862 585 888 639 iu
900 604 931 639 eo
943 586 1015 652 libro,

219 681 296 732 quem
310 660 342 716 de
356 661 452 717 divitiis
471 661 591 731 scripsit:
609 661 637 714 in
649 677 700 731 quo
717 661 799 715 multa
814 660 940 732 praeclare,
953 662 1017 716 illud

220 737 339 794 absurde.
375 738 424 793 Est
444 738 512 792 enim
529 737 626 791 multus
643 737 670 791 in
688 736 814 791 laudanda
830 738 1017 808 magnificentia

220 821 248 872 et
261 815 425 886 apparatione
441 813 602 888 popularium
622 831 763 879 munerum,
776 813 915 885 taliumque
933 833 1016 886 sump

220 898 296 947 tuum
309 891 457 947 facultatem
469 892 581 946 fructum
594 889 738 944 divitiarum
749 894 832 961 putat.
854 890 922 945 Mihi
931 897 1014 946 autem

221 968 266 1024 ille
287 968 388 1022 tructus
411 968 578 1032 liberalitatis,
599 967 673 1037 cujus
693 985 774 1037 pauca
794 967 910 1037 example
933 969 1016 1039 posui,

221 1044 307 1099 multo
323 1048 350 1099 et
361 1048 443 1115 major
454 1045 557 1099 videtur
573 1051 599 1099 et
612 1044 713 1098 certior.
751 1045 852 1109 Quanto
864 1045 1017 1100 Aristoteles

222 1120 327 1192 gravius
345 1125 372 1177 et
384 1121 468 1176 verius
485 1138 532 1175 nos
548 1119 718 1192 reprehendit,
732 1120 776 1191 qui
792 1119 838 1175 has
854 1121 1017 1191 pecuniarum

223 1198 362 1253 effusiones
379 1216 432 1254 uon
449 1197 679 1269 admirandaque
694 1198 759 1252 liunt
780 1197 813 1252 ad
829 1198 1018 1254 multitudinem

224 1274 407 1330 delenieudam.
443 1278 479 1329 At
498 1278 526 1341 ii,
540 1277 586 1346 qni
603 1277 634 1329 ab
652 1274 722 1328 hoste
739 1273 889 1340 obsidentur,
903 1278 927 1328 si
942 1294 1019 1330 emen

222 1369 300 1422 aquea
316 1352 453 1406 centua-iun
471 1353 543 1406 mina
560 1360 691 1418 conantur,
709 1349 756 1404 hoc
769 1351 856 1419 primo
873 1352 1020 1406 {incredibile

223 1428 299 1483 swbie
315 1427 405 1496 uideri,
423 1445 549 1500 annuaque
566 1429 671 1483 mirari:
689 1426 739 1494 sed,
757 1445 840 1498 quum
856 1429 1021 1497 attenderint,

223 1506 327 1560 nmium
346 1508 490 1560 mensitnti
509 1505 588 1559 dare:
612 1506 645 1558 in
665 1503 709 1558 has
732 1503 892 1557 immanibus
904 1504 1020 1574 jacturis

224 1584 380 1653 infinitisque
396 1581 538 1652 sumptibus
555 1581 624 1635 nihil
640 1598 689 1633 nas
705 1598 798 1651 nnnpuo
816 1598 890 1650 opere
906 1583 998 1636 uis-an·
1004 1599 1018 1648 ,·

224 1677 303 1728 qnnm
312 1661 451 1727 presertim·
462 1676 504 1712 nec
516 1660 658 1712 necessitati
669 1656 842 1721 subveniatur,
852 1658 1020 1725 needipuitas

213 1726 362 1801 [cuneatum
370 1737 471 1804 ipsaque
482 1735 531 1788 illu
543 1734 669 1787 delectatio
681 1733 854 1787 multitudinis
865 1737 898 1788 sit
906 1736 942 1788 nd
950 1735 1020 1789 breue

225 1813 389 1882 cnipnnmqne
407 1821 509 1880 umnam,
528 1828 603 1880 enque
621 1827 638 1862 n
660 1810 785 1864 heinmo
805 1827 904 1881 qnoque,
923 1814 950 1864 in
970 1828 1019 1881 quo

225 1896 311 1941 tanuen
323 1891 379 1956 ipso
390 1905 443 1940 una
461 1905 521 1941 eum
537 1892 650 1940 satietate
661 1888 773 1940 menania
789 1903 887 1957 quoqne
898 1890 1020 1940 moriatur

226 1958 377 2026 voluptatis.
396 1957 467 2011 Bene
478 1957 554 2011 etiam
563 1956 666 2025 colligit,
676 1955 730 2010 haee
738 1956 823 2025 pueris
832 1965 859 2010 et
866 1955 1019 2010 mulierculis
1032 1965 1058 2014 57

227 2036 255 2087 et
268 2034 348 2087 servis
360 2038 386 2088 et
396 2051 525 2088 servorum
536 2032 670 2087 simillimis
681 2032 767 2087 liberis
779 2050 836 2087 essa
847 2037 935 2104 grata:
948 2032 1021 2103 gravi

226 2127 289 2164 varo
302 2109 404 2177 homini,
417 2114 443 2165 et
461 2127 498 2174 ea,
512 2127 568 2180 que
585 2109 659 2174 fiunt,
670 2108 766 2178 judicio
782 2113 853 2163 certo
870 2109 1021 2180 ponderanti

227 2186 329 2258 probari
339 2205 413 2253 posse
421 2185 581 2241 nullomodo.
600 2187 761 2256 Quamquam
769 2185 1022 2255 intelligo,innostra

226 2264 333 2318 civitate
345 2264 499 2318 inveterasse
507 2267 562 2334 jam
573 2281 589 2317 a
600 2262 673 2317 bonis
687 2262 850 2331 temporibus,
862 2268 891 2317 ut
904 2263 1022 2334 splendor

226 2339 378 2395 aedilitatum
398 2340 430 2395 ab
448 2341 551 2412 optimis
569 2339 631 2394 viris
649 2338 802 2408 postuletur.
838 2341 929 2412 Itapue
948 2345 974 2394 et
990 2341 1020 2395 P.

227 2417 347 2482 Crassus,
366 2436 444 2487 quum
466 2417 615 2488 cognomine
636 2415 714 2480 dives,
735 2419 790 2469 turn
812 2417 898 2485 copiis,
917 2417 1021 2471 functus

227 2497 269 2548 est
282 2492 388 2549 aedilicio
401 2495 512 2549 marimo
529 2511 649 2548 munere:
668 2497 695 2546 et
707 2491 792 2562 paullo
805 2498 863 2562 post
875 2495 904 2547 L.
914 2494 1022 2546 Crassus

226 2587 287 2624 eum
303 2571 416 2625 omnium
427 2571 558 2626 homiuum
571 2569 782 2636 moderatissimo,
795 2570 828 2628 Q.
842 2570 939 2633 Mucio,
952 2587 1022 2638 mag-

226 2646 420 2702 nificentissima
431 2647 551 2702 aedilitate
561 2647 665 2701 functus
678 2650 733 2699 est:
753 2645 843 2699 deinde
852 2645 882 2699 Ο.
892 2644 1022 2710 Claudius,

227 2723 307 2794 Appii
325 2723 408 2778 filius:
427 2725 501 2779 multi
520 2728 586 2794 post,
604 2721 715 2784 Luculli,
731 2721 894 2784 Hortensius,
912 2720 1023 2775 Silanus.

227 2800 326 2854 Omnes
343 2805 429 2855 autem
441 2802 470 2855 P.
480 2800 607 2855 Lentulus
625 2818 665 2853 me
682 2797 784 2852 consule
797 2798 858 2851 vicit
870 2797 1021 2865 superiores.

229 2877 311 2932 Hune
331 2881 373 2932 est
392 2878 504 2934 Securus
524 2877 649 2933 imitatus.
686 2873 942 2943 Magnificentissima
962 2891 1022 2927 vcro
