2575 3367
485 311 552 360 LIB.
572 311 607 360 11.
627 310 703 359 cnP.
721 311 760 361 ιθ.
993 313 1024 359 93

222 422 352 476 tentiones
364 419 551 490 perdiderunt?
589 423 625 475 At
638 439 698 475 vero
711 424 807 475 Aratus
821 421 955 491 Sicyonius
965 423 1023 489 jure
1032 431 1059 476 81

222 499 350 560 landatur,
365 497 416 567 qui,
433 516 511 566 quum
528 497 584 567 ejus
601 498 691 552 civitas
712 497 896 568 quinquaginta
912 515 992 550 annos
1009 514 1025 550 a

221 576 341 646 tyrannis
358 580 496 636 teneretur,
511 575 640 644 proiectus
660 575 736 646 Argis
756 574 896 644 Sicyonem,
912 572 1024 627 clandes-

221 654 279 707 tino
301 651 409 705 introitu
432 649 495 704 urbe
519 656 559 704 est
584 651 690 719 potitus.
726 651 864 720 Quumque
888 657 1023 719 tyranuum

222 727 354 797 Nicoclem
367 725 503 796 improviso
519 727 695 796 oppressisset,
709 731 843 781 sexcentos
859 725 967 790 exsules,
980 725 1024 795 qni

222 806 328 858 luerunt
347 802 402 872 ejus
421 801 533 856 civitatis
555 801 754 872 locupletissimi,
776 803 900 869 restituit,
920 819 1023 871 remque

222 879 351 950 publicam
373 878 484 933 adventu
505 896 552 932 suo
571 878 696 932 liberavit.
736 880 786 933 Sed
807 898 883 949 quum
908 897 1023 947 magnum

223 955 437 1010 animadverteret
448 955 475 1009 in
491 955 564 1009 bonis
576 961 603 1009 ct
622 955 822 1025 possessionibus
841 955 1022 1019 difficultatem,

222 1031 294 1102 quod
314 1040 340 1086 et
360 1050 412 1096 eos,
431 1050 495 1101 quos
514 1031 568 1101 ipse
589 1032 746 1098 restituerat,
765 1050 872 1102 quornm
895 1031 961 1086 bona
982 1031 1024 1085 alii

222 1108 398 1178 possederant,
416 1127 490 1179 egere
509 1108 692 1178 iniquissimum
711 1107 889 1171 arbitrabatur,
908 1114 934 1162 et
953 1108 1025 1179 quin·

222 1185 349 1256 quaginta
358 1203 480 1238 annorum
488 1185 660 1255 possessiones
672 1185 768 1239 moveri
778 1203 829 1239 non
836 1184 911 1238 nimis
924 1202 1024 1252 equum

223 1261 343 1332 potabat,
359 1266 493 1331 propterea
511 1261 578 1331 quod
596 1265 650 1314 tam
665 1260 742 1331 longo
758 1261 842 1330 spatio
858 1259 941 1314 multa
953 1260 1025 1314 here-

223 1337 358 1400 ditatibus,
372 1336 452 1390 multa
467 1336 645 1406 emptionibus,
659 1337 740 1391 multa
756 1335 858 1391 dotibus
870 1335 1024 1390 tenebantur

224 1416 280 1469 siue
298 1414 397 1482 injuria,
411 1414 536 1486 judicavit
553 1432 634 1485 neque
652 1414 702 1469 illis
720 1413 804 1478 adimi,
817 1431 898 1482 neque
915 1412 955 1467 his
972 1430 1024 1466 non

223 1491 352 1555 satisfieri,
370 1508 476 1561 quorum
492 1490 536 1546 illa
553 1491 661 1556 fueraut,
679 1494 805 1560 oportere.
842 1491 926 1554 Quum
944 1488 1063 1560 igitnraa

224 1567 369 1630 statuisset,
379 1585 443 1638 opus
455 1585 511 1622 asse
524 1566 620 1621 adeam
633 1585 686 1621 rem
696 1565 897 1621 constituendam
908 1566 1022 1638 pecunia,

225 1643 406 1698 Alexandriam
423 1661 451 1698 se
465 1641 588 1714 proficisci
607 1643 671 1698 velle
689 1642 762 1708 dixit,
779 1661 883 1712 remque
898 1642 1023 1714 integram

225 1719 258 1774 ad
270 1718 380 1774 reditum
399 1737 474 1774 suum
488 1719 566 1789 jussit
584 1737 655 1774 esse:
677 1720 749 1789 isque
765 1719 880 1774 celeriter
892 1718 924 1773 ad
938 1718 1023 1773 Ptole-

224 1815 326 1860 maeum,
346 1814 419 1850 snum
437 1795 570 1867 hospitem,
590 1796 668 1860 venit,
687 1795 801 1865 quitum
819 1794 942 1864 regnabat
960 1795 1024 1849 alter

225 1877 285 1939 post
273 1871 476 1926 tAlerandriam
494 1872 635 1927 conditam:
655 1871 698 1927 cui
715 1890 793 1942 quum
809 1871 968 1938 exposuisset
982 1889 1023 1940 pa·

224 1949 300 2003 triam
314 1967 342 2003 sc
354 1948 460 2004 liberare
472 1948 535 2003 velle
548 1966 699 2078 causamque
712 1947 849 2011 docuisset,
828 1953 875 2001 a
887 1966 946 2017 rege
962 1964 1024 2034 opp-

224 2026 296 2078 lento
315 2025 353 2078 vir
371 2043 484 2079 summus
502 2024 600 2079 laeile'
593 2029 672 2090 rmpet
674 2024 746 2088 ravit,
764 2022 901 2091 utgraudi
919 2023 1024 2093 pecnnia

226 2102 398 2170 adjuvaretur.
426 2103 507 2166 Quam
520 2119 598 2171 quum
612 2066 746 2171 Sicyonem
758 2043 895 2163 attulisset,
908 2098 1023 2154 adhibuit

226 2177 294 2232 sibi'
287 2196 314 2231 m
327 2176 459 2232 eonsilium
476 2177 618 2247 quindecim
634 2176 770 2247 principes,
782 2193 840 2229 cum
856 2174 949 2244 quibus
966 2193 1023 2230 eau-

227 2254 408 2325 sascognovit
426 2257 453 2308 et
470 2272 565 2318 eorum,
585 2253 629 2323 qui
645 2252 727 2307 alicua
743 2252 872 2318 tenebant,
884 2257 910 2306 ct
927 2271 1024 2318 corum,

227 2330 269 2400 qui
282 2348 330 2384 sua
342 2330 493 2384 amiserant:
516 2329 673 2400 perfecitque
690 2328 844 2383 aestimaudis
859 2329 1023 2399 possessioni-

226 2406 281 2474 bus,
295 2411 325 2460 ut
339 2405 502 2475 persuaderet
514 2405 577 2470 aliis,
591 2410 620 2460 ut
638 2405 769 2476 pecuniam
787 2405 899 2475 accipere
912 2406 1023 2472 mallent,

227 2482 428 2553 possessionibus
445 2481 578 2548 cederent,
572 2505 577 2516 ·
597 2482 661 2546 aliis,
679 2488 708 2536 ut
697 2481 876 2537 tcommodius
894 2488 1022 2551 putarent,

227 2578 355 2615 numerari
347 2559 422 2624 sibi,
437 2558 561 2630 quodtan
562 2525 674 2623 ticsset,
687 2577 761 2628 quam
780 2576 853 2612 suurn
867 2575 1023 2624 recuperare

228 2637 269 2692 Ita
284 2636 383 2707 perfect
384 2655 426 2690 um
439 2639 486 2701 est,
498 2638 528 2689 ut
544 2653 638 2700 omnes,
652 2634 786 2689 eoncordia
801 2652 861 2688 cons
863 2633 950 2696 tituta,
968 2633 1022 2687 sine

170 2713 329 2798 querela
341 2711 508 2767 discederent.
540 2712 656 2765 Oricum
669 2729 787 2780 magnum
802 2709 965 2778 dignumque,
979 2708 1059 2778 quies

230 2788 353 2844 innostra
366 2786 494 2858 republica
506 2792 549 2842 nat
552 2806 581 2842 us
594 2791 677 2841 esset.
651 2788 676 2840 ιΙ
715 2787 756 2840 Sic
769 2804 814 2855 par
826 2788 910 2838 estc
878 2802 952 2853 agere
964 2801 1022 2838 curn

190 2878 193 2883 ·
171 2860 333 2931 civibus,
347 2883 398 2920 uon
412 2866 453 2934 (ut
466 2864 524 2918 bis
515 2883 568 2931 mm
581 2863 700 2930 vidimus)
713 2860 831 2916 hastam
824 2879 851 2915 ru
861 2861 917 2915 loro
930 2879 1025 2928 ponere
