2575 3367
468 322 538 371 LIB.
555 321 591 372 11.
610 321 685 370 CAP.
705 323 726 378 1,
743 325 765 370 2.
986 324 1018 373 68

221 451 281 488 sem.
307 433 359 488 Cui
370 451 450 503 quum
462 432 571 488 multum
584 431 730 487 adolescens
743 430 858 487 discendi
866 450 943 489 causa
954 424 1017 488 tein-

221 510 289 580 poris
299 509 463 574 tribuissem
477 517 566 579 postea
577 527 652 580 quam
663 507 800 564 honoribus
812 509 934 565 inservire
942 512 1015 580 coepi,

220 604 313 658 meque
331 590 417 640 toturn
435 585 578 656 reipublicae
596 584 697 653 tradidi,
714 590 814 640 tantum
832 591 888 641 erat
906 586 1017 656 philoso-

219 663 287 733 phiae
299 662 358 728 loci,
372 667 495 734 quantum
507 662 668 732 superfuerat
680 662 818 716 amicorum
830 667 857 717 et
870 661 1016 733 reipublice

218 737 388 810 temporibus.
415 738 448 794 Id
460 742 546 793 autem
557 757 631 793 omne
644 737 840 794 consumebatur
851 739 879 794 in
890 738 1014 811 legend03

219 815 351 872 scribendi
363 815 444 870 otium
456 833 508 870 non
520 818 583 871 crat.

256 893 297 948 11.
317 892 439 947 Maximis
451 892 532 961 igitur
543 893 571 947 in
586 892 658 947 malis
675 892 723 948 hoc
736 896 822 948 tamen
833 892 893 948 boni
905 893 1039 950 assecutit

218 969 347 1034 ridemur,
358 972 388 1022 ut
401 986 431 1024 ea
446 968 527 1024 literis
539 968 727 1032 mandaremus,
740 988 796 1041 qua
808 988 855 1025 nec
867 971 929 1025 satis
942 975 1015 1025 erant

217 1051 284 1113 nota
296 1045 399 1110 nostris,
412 1048 438 1100 ct
456 1050 528 1100 erant
540 1046 685 1117 cognitione
702 1046 856 1117 dignissima
892 1048 963 1107 Quid
974 1052 1015 1104 est

218 1122 299 1184 enirn,
308 1139 354 1191 per
366 1121 433 1186 deos,
444 1121 582 1192 optabilius
594 1123 719 1192 sapientia
728 1123 820 1194 l’·qnid
832 1124 1014 1193 praestantius?

218 1197 284 1270 quid
296 1197 392 1252 homini
407 1199 516 1255 melius?
535 1199 598 1270 quid
609 1199 711 1254 homine
723 1200 844 1270 dignius?
880 1201 956 1255 Hanc
967 1201 1015 1271 igi·

217 1280 265 1330 tur
287 1274 332 1346 qui
353 1279 485 1345 expetunt,
504 1275 655 1346 philosophi
672 1277 851 1341 nominantur;
875 1294 923 1330 nec
942 1276 1015 1346 quid-

217 1370 298 1423 quam
316 1350 384 1406 aliud
396 1357 436 1406 est
443 1352 620 1422 philosophia,
632 1353 655 1408 si
666 1353 828 1423 interpretari
840 1353 910 1419 velis,
922 1359 1015 1423 preter

216 1429 341 1483 stadium
356 1430 496 1498 sapientias.
531 1429 665 1498 Sapientia
682 1433 768 1484 autem
786 1433 826 1484 est
839 1430 880 1498 (ut
896 1429 1018 1484 aretari-v

217 1504 269 1561 bus
282 1504 439 1575 philosophis
451 1505 582 1560 definitum
594 1507 647 1574 est)
660 1525 749 1560 reram
760 1507 916 1560 divinatam
931 1516 954 1560 ct
965 1506 1019 1561 aa.

216 1598 372 1648 manarum,
392 1599 586 1652 causarumque,
606 1583 701 1652 pathas
721 1601 755 1637 eoe
776 1601 815 1637 res
835 1585 1017 1648 contineatur,

216 1660 348 1713 matta:
368 1659 443 1728 cujus
454 1658 568 1713 studium
581 1659 625 1729 qui
637 1659 774 1729 vituperat,
786 1659 854 1714 haud
866 1678 927 1714 sane
939 1660 1014 1714 intel·

216 1735 281 1806 ligo,
297 1733 418 1804 quidnam
436 1734 478 1800 sit,
497 1734 565 1806 quod
582 1734 735 1789 laudandum
755 1740 836 1806 putet.
873 1736 940 1791 Nam
959 1737 1036 1792 sicat

216 1811 360 1867 oblectatio
384 1811 507 1883 quaritur
531 1811 607 1865 animi
629 1812 780 1883 requiesque
804 1830 937 1866 curarum:
957 1831 1014 1883 quse

216 1887 333 1955 conferri
351 1905 407 1943 oum
426 1905 513 1943 corum
532 1888 623 1942 studiis
641 1893 736 1958 potest,
750 1889 793 1958 qui
808 1907 907 1960 semper
919 1888 1015 1958 aliquid

217 1965 369 2035 anquirunt,
382 1964 450 2034 quod
462 1968 561 2034 spectet
573 1968 600 2018 et
618 1964 701 2019 valeat
718 1965 751 2019 ad
762 1964 826 2020 benc
843 1964 967 2035 beateque
979 1966 1015 2020 vi·

216 2035 352 2097 rendum?
366 2040 419 2095 aive
431 2041 498 2096 ratio
510 2043 660 2096 constantie
672 2041 826 2110 virtutisque
838 2040 955 2096 ducitur:
969 2045 1014 2096 aut

216 2119 274 2174 hacc
284 2135 326 2172 ars
338 2120 378 2171 est
390 2123 435 2171 aut
447 2116 516 2171 nulla
527 2117 636 2182 omnino,
645 2135 691 2187 per
702 2136 776 2188 quam
789 2136 831 2172 eas
841 2135 1013 2186 assequamur.
1039 2146 1044 2186 3

216 2194 327 2252 Nullam
340 2192 423 2248 dicere
434 2194 598 2248 maximarum
611 2212 695 2248 rerum
708 2201 788 2249 artem
800 2212 863 2261 esse,
876 2213 952 2265 quum
966 2195 1012 2250 mi·

216 2274 348 2328 nimarum
364 2270 419 2325 sine
431 2276 486 2325 arte
504 2270 574 2325 nulla
589 2271 630 2338 sit,
643 2270 773 2325 hominum
791 2275 832 2326 est
849 2290 938 2342 parum
953 2289 1013 2327 con·

217 2348 332 2404 siderate
344 2346 501 2417 loquentium
517 2351 594 2418 atquc
606 2347 634 2402 in
645 2347 761 2402 maximis
772 2349 848 2403 rebus
865 2349 1023 2406 errantium.-

217 2427 245 2482 Si
259 2431 347 2479 autern
361 2428 400 2478 est
413 2423 497 2494 aliqua
508 2423 640 2494 disciplina
652 2423 763 2489 virtutis,
777 2425 820 2480 ubi
833 2444 863 2480 ea
876 2431 1013 2496 quaeretur,

217 2520 298 2574 quum
319 2499 351 2555 ab
372 2499 420 2554 hoc
438 2499 550 2555 discendi
567 2518 661 2571 genere
680 2499 843 2556 discesseris?
881 2501 932 2556 Sed
950 2501 1011 2565 hac,

217 2597 297 2649 quum
312 2576 345 2631 ad
357 2576 538 2646 philosophiam
552 2577 721 2641 cohortamur,
732 2578 874 2633 accuratius
887 2577 1024 2647 disputari,

218 2655 320 2710 solent:
340 2652 408 2724 quod
426 2653 475 2708 alio
493 2651 601 2723 quodam
618 2652 682 2707 libro
700 2654 814 2709 lecimus.
851 2655 909 2707 Hoc
927 2656 1011 2707 autem

218 2734 334 2800 tempore
347 2733 448 2782 tantum
462 2728 533 2783 nobis
547 2729 723 2784 declarandum
737 2730 793 2794 suit,
804 2748 857 2794 cur,
870 2728 953 2782 orbati
965 2728 1013 2782 rei·

218 2807 327 2877 publicae
348 2806 503 2870 munoribus,
523 2805 555 2859 ad
575 2805 624 2859 hoc
648 2824 694 2859 uos
719 2805 832 2859 studium
852 2804 1013 2875 potissimum

219 2882 426 2962 contulissemus
456 2881 611 2945 ⁴Occurritur
629 2887 715 2937 autem
733 2881 814 2950 nobis,
831 2885 857 2936 et
879 2880 980 2954 quidem
998 2896 1036 2947 a?
