2575 3367
264 323 311 371 1⁰8
550 318 600 367 DE
615 316 770 367 OFFICHS

261 430 361 499 iuriam.
397 429 441 485 Ita
452 448 550 502 semper
561 431 643 486 offioio
658 430 788 501 fungetur,
799 428 911 485 ntrlitati
927 430 1050 486 oonsnlem

264 505 394 560 hominnm
405 511 432 561 et
444 507 475 571 ei,
488 524 563 577 quam
579 524 647 576 sape
661 522 837 572 commemoro,
848 505 970 562 hnmana
984 506 1050 561 soois

225 581 320 636 santi.
350 581 418 636 Nam
431 581 499 652 quod
509 582 542 637 ad
553 582 678 636 Phalarim
690 582 791 646 attinet,
804 581 927 651 perfacile
935 582 1050 652 judioiun

264 661 311 712 est.
340 657 418 712 Nulla
428 657 495 712 enim
506 657 579 712 nobis
591 657 699 712 sooietas
710 674 767 712 oum
779 657 905 728 tyrannis,
918 657 967 712 sed
978 658 1050 729 potior

264 752 363 788 summa
374 733 505 788 distractio
522 736 578 798 est;
596 750 678 804 neque
695 736 735 787 est
751 736 841 787 eontra
856 737 987 800 naturam,
1006 751 1050 804 spo

264 807 325 862 liare
337 825 402 872 eum,
416 808 438 861 si
453 808 543 877 possis,
556 826 632 878 quem
647 811 687 862 est
704 808 840 863 honesturn
855 822 967 865 nemra:
986 814 1050 880 atqui

264 882 313 936 hoo
324 900 398 936 omne
409 901 491 952 genus
503 884 651 954 pestiferum
667 887 744 955 atque
761 884 866 955 impium
879 902 913 939 ex
928 884 1050 940 hominnn

264 958 445 1013 communitate
462 959 680 1015 exterminandum
693 964 741 1014 est.
775 959 888 1025 Etenim,
901 965 933 1015 ut
949 961 1050 1016 membru

265 1033 379 1105 quadam
396 1039 567 1106 amputantur,
586 1036 609 1091 si
626 1039 653 1091 et
670 1035 726 1107 ipsa
742 1035 866 1106 sanguine
883 1040 911 1091 et
929 1041 1050 1108 tamquan

265 1109 359 1180 spiritu
369 1127 454 1166 carere
466 1116 597 1180 ooepernnt
613 1115 640 1166 et
652 1115 745 1166 nocent
760 1110 864 1181 reliquis
876 1112 998 1182 partibus
1010 1131 1050 1168 oor

265 1186 348 1255 poris:
375 1186 412 1242 sio
429 1187 480 1241 ista
496 1186 523 1240 in
539 1186 623 1258 figura
639 1186 748 1241 hominis
765 1186 854 1241 feritas
871 1191 900 1242 et
917 1186 1050 1244 immanita

265 1262 345 1318 belua
357 1281 373 1317 a
386 1262 513 1318 eommuui
526 1266 656 1334 taurquam
669 1262 835 1317 humanitatis
851 1279 963 1334 eorpore
980 1282 1050 1336 segm

266 1339 349 1409 ganda
359 1343 407 1394 est.
434 1339 522 1409 Hujus
539 1338 640 1409 generis
656 1343 717 1393 snut
734 1338 889 1410 questiones
906 1357 999 1396 omnes
1016 1360 1050 1397 ea

266 1415 395 1485 inquibus
407 1433 438 1469 ex
451 1419 564 1485 ternpore
576 1415 684 1470 officium
697 1414 847 1485 exquiritur.

228 1495 258 1542 88
300 1492 364 1545 VII.
382 1491 516 1559 Ejusmodi
534 1491 614 1561 igitur
631 1490 707 1546 oredo
724 1508 765 1545 res
782 1490 926 1546 Penatium
945 1510 1050 1562 perseou

266 1569 352 1620 turum
369 1566 454 1630 luisse,
467 1566 516 1621 nisi
534 1567 611 1639 aliqui
626 1584 701 1621 ossus
719 1571 764 1621 aut
780 1568 915 1636 ooonpntio
930 1571 990 1638 ejus
1005 1586 1050 1624 oon

266 1640 349 1695 silium
370 1641 525 1710 peremisset.
570 1641 611 1697 Ad
631 1660 695 1712 quas
717 1642 785 1713 ipsas
805 1642 1010 1699 consultationes
1031 1661 1050 1698 eu

266 1715 436 1788 superioribus
455 1717 526 1773 libris
547 1718 609 1772 satis
629 1717 712 1772 multa
732 1723 859 1789 praeoepta
878 1724 950 1785 sunt,
972 1719 1050 1792 quibu

267 1793 374 1865 perspici
394 1793 481 1863 possit,
502 1793 562 1863 qnid
580 1793 614 1847 sit
632 1797 737 1864 propter
756 1793 944 1864 turpitudinem
966 1796 1050 1867 logium

267 1870 325 1924 dum
334 1893 342 1936 ;
361 1868 422 1941 quid
437 1869 479 1934 sit,
498 1868 567 1939 quod
582 1868 677 1925 idcireo
695 1869 844 1940 fugiendum
862 1871 978 1938 nonsit,
996 1889 1050 1943 quot

267 1947 368 2000 omnino
388 1949 463 2015 turpe
482 1945 594 2000 nonsit.
632 1944 684 1999 Sed
703 1945 820 2015 quoniam
840 1947 913 2015 operi
934 1946 1050 2002 inchoato

267 2040 344 2092 prope
360 2027 446 2076 tamen
463 2021 588 2085 absoluto,
602 2024 732 2091 tamquam
749 2020 881 2090 fastigium
899 2021 1050 2092 imponimus

266 2103 296 2151 ut
308 2103 443 2168 geometra
455 2097 537 2152 solent
549 2115 600 2151 non
611 2097 696 2151 omnia
709 2095 809 2161 dooere,
820 2095 866 2151 sed
880 2097 1021 2167 postulare,
1032 2114 1050 2151 u

267 2173 379 2242 quadarn
392 2173 441 2228 sibi
456 2173 633 2237 concedantur,
647 2189 698 2242 quo
713 2171 820 2236 facilius,
834 2190 891 2242 qua
907 2173 1008 2239 rolant,
1020 2190 1050 2228 ex

266 2247 375 2316 plioent:
394 2249 431 2301 sio
443 2265 490 2317 ego
503 2266 518 2301 a
529 2252 556 2303 te
568 2247 677 2318 postulo,
691 2246 726 2301 mi
742 2246 840 2312 (lioero,
853 2251 884 2302 nt
896 2248 960 2304 mibi
973 2265 1049 2304 oonoa

267 2322 319 2387 das,
333 2322 355 2375 si
368 2328 447 2390 potes,
460 2324 539 2387 nihil,
551 2334 645 2394 praeter
657 2323 694 2388 id,
704 2323 774 2394 qood
784 2324 919 2377 domnum
930 2327 976 2389 ait,
984 2342 1050 2396 prop

267 2408 304 2452 ter
315 2415 340 2452 se
350 2415 399 2452 esse
414 2398 589 2468 sporadum.
626 2399 672 2453 Sin
689 2400 737 2454 hoo
754 2399 883 2453 nonlicet
900 2417 948 2469 per
966 2401 1050 2471 Oratip

266 2493 335 2545 pum,
354 2478 380 2528 at
400 2472 461 2527 illud
481 2487 550 2529 certe
569 2475 649 2540 dabis,
666 2475 736 2546 qaod
753 2475 888 2529 anua-nn
905 2477 949 2542 ait,
967 2477 999 2531 id
1014 2493 1050 2530 esa

266 2552 381 2605 maiore
396 2559 501 2620 propter
514 2568 540 2604 ee
557 2550 733 2621 expetendam.
770 2549 835 2602 Mihi
853 2552 983 2606 utrumvis
1000 2551 1050 2606 sati

266 2632 321 2681 est:
347 2632 374 2681 et
395 2630 449 2679 tum
470 2624 526 2691 hoo,
546 2630 602 2679 tum
622 2625 687 2680 illud
706 2623 862 2695 probabilius
885 2624 999 2694 videtur,
1016 2644 1050 2680 na

228 2711 389 2771 atpraeterea
409 2699 543 2772 quidquam
566 2700 702 2771 probabile.
738 2702 778 2754 Ao
799 2699 909 2768 primum
931 2702 1050 2757 Pauaetim

266 2777 293 2831 in
310 2778 358 2833 hoo
372 2775 544 2832 defendendus
559 2783 606 2839 est,
619 2776 687 2846 quod
704 2794 755 2830 non
772 2775 846 2829 utilia
862 2794 923 2830 eam
940 2778 1050 2832 horuais

264 2869 385 2923 preparare
404 2851 548 2924 aliqwado
566 2869 639 2922 possa
659 2851 759 2921 dixerit,
778 2853 871 2924 (neque
892 2853 961 2908 enim
981 2854 1050 2910 aiio
