2575 3367
466 328 534 375 LlB.
553 327 589 375 11.
608 327 683 375 CAP.
702 329 725 386 t,
743 330 766 375 d.
984 327 1014 378 07

218 441 293 512 plina
331 440 404 498 Quas
416 457 457 493 rea
469 443 496 493 et
505 438 673 495 mansuetudo
685 439 826 493 animorum
838 443 975 495 consecuta
985 445 1013 496 at

219 515 372 572 verccundia
386 519 426 569 cst
433 538 440 581 ;
459 516 636 586 effectumque,
649 522 680 570 nt
696 521 765 570 esset
777 517 831 571 vita
841 517 964 571 munitior
976 524 1014 572 at·

219 613 268 664 que
284 597 316 646 nt
332 591 415 646 dendo
431 598 458 645 et
474 592 619 662 accipiendo
635 593 833 664 mutuandisque
849 593 1014 649 facultatibus

219 679 245 725 et
257 669 447 725 commodandis
459 670 528 724 nulla
540 688 567 724 re
579 687 720 740 egeremus.

254 748 288 799 V.
314 746 456 816 Longiores
480 746 604 802 hocloco
625 765 722 813 sumus,
742 765 818 818 qnam
841 765 946 802 necesse
966 751 1055 803 estne

222 823 285 888 Quis
297 829 338 878 est
350 825 425 888 eninr,
438 824 480 878 cni
491 842 543 877 non
555 824 689 894 perspicua
700 823 752 878 sint
764 824 814 889 illa,
827 843 884 895 quar
899 825 1014 895 pluribus

222 901 305 955 verbis
318 918 334 954 a
347 901 461 954 Panaetio
477 905 716 968 commemorantur,
727 901 853 956 neminem
868 920 951 972 neque
967 902 1015 957 du·

222 995 275 1031 cem
289 976 349 1031 belli
365 995 412 1031 nec
430 977 568 1047 principcm
583 976 652 1030 domi
666 995 769 1048 magnas
786 997 827 1032 res
845 982 872 1033 et
890 978 1015 1035 salutares

208 1055 276 1108 ·sine
289 1053 421 1107 hominurn
433 1053 526 1108 studiis
538 1072 626 1125 gerere
639 1055 771 1124 potuisse?
796 1055 1015 1111 Commemoratur

223 1131 253 1186 ab
265 1149 297 1186 ec
309 1130 500 1195 Themistocles,
514 1130 633 1196 Pericles,
648 1131 738 1202 Cyrus,
750 1132 892 1202 Agesilaus,
905 1133 1015 1187 Alexan-

223 1207 274 1272 der,
293 1225 358 1278 qnos
376 1210 453 1278 negat
471 1208 526 1261 sine
544 1206 698 1277 adjumentis
716 1208 846 1262 hominum
867 1213 953 1263 tantas
974 1229 1015 1264 res

222 1284 322 1338 efficere
334 1284 455 1354 potuisse.
491 1284 583 1338 Utitur
596 1283 624 1338 iu
635 1302 663 1338 re
679 1302 732 1338 non
748 1284 825 1338 dubia
836 1285 946 1338 testibus
964 1305 1016 1340 non

222 1361 381 1416 necessariis.
417 1362 504 1431 Atque
524 1364 555 1415 nt
575 1379 681 1431 magnas
704 1360 830 1415 utilitates
854 1361 1016 1432 adipiscimur

222 1437 410 1509 conspiratione
427 1437 557 1492 hominnm
575 1443 653 1507 atque
670 1455 803 1502 consensu,
821 1438 859 1492 sic
876 1438 946 1493 nulla
963 1447 1014 1494 tam

222 1513 381 1570 detestabilis
393 1514 472 1584 pestis
484 1519 532 1579 est,
546 1532 602 1585 qum
617 1532 670 1568 non
685 1513 780 1568 homiui
798 1514 942 1589 abwhominc
958 1535 1016 1572 nas·

221 1597 307 1647 catur.
343 1592 393 1646 Est
406 1590 547 1646 Dicaearchi
558 1590 622 1645 liber
633 1590 666 1645 de
677 1591 784 1646 interitu
795 1591 933 1662 hominum,
945 1594 1017 1649 Peri·

222 1669 328 1739 patetici
345 1669 430 1738 magni
447 1673 474 1722 et
490 1667 602 1738 copiosi:
621 1667 672 1738 qui,
686 1667 798 1723 collectis
816 1671 906 1725 ceteris
924 1671 1016 1739 causis,

222 1745 356 1809 clusionis,
369 1744 529 1815 pestilentie,
540 1744 676 1810 vastitatis,
690 1745 820 1801 beluarum
836 1747 913 1801 etiam
930 1766 1017 1818 repen·

222 1825 284 1878 tine
301 1821 480 1891 multitudinis,
493 1840 599 1891 quarum
611 1821 708 1892 impetu
725 1823 799 1877 docet
811 1824 925 1894 quadam
937 1824 1017 1878 homi·

222 1912 285 1948 num
298 1909 393 1962 genera
404 1910 460 1946 esse
476 1897 643 1962 consumpta3
663 1892 753 1947 deinde
771 1900 907 1963 comparat,
922 1901 1017 1963 qrrnnto

222 1969 310 2040 plures
323 1967 400 2023 deleti
412 1968 464 2022 sint
476 1967 590 2022 homines
602 1968 733 2022 hominum
745 1969 850 2038 impetu,
859 1969 885 2024 id
897 1974 936 2025 est
946 1970 1018 2025 bellis

222 2052 268 2102 aut
281 2043 456 2112 seditionibus,
469 2062 544 2115 quam
556 2047 624 2099 omni
635 2045 733 2116 reliqua
744 2045 895 2100 calamitate.

259 2123 348 2182 Quum
361 2122 441 2192 igitur
453 2122 494 2176 hic
505 2121 577 2176 locus
589 2122 653 2176 nihil
664 2122 757 2177 habeat
769 2121 943 2189 dubitationis,
956 2122 1056 2193 qnin17

222 2199 340 2254 homines
352 2198 488 2268 plurimum
498 2197 643 2253 hominibus
655 2203 682 2254 et
690 2199 790 2268 prosint
801 2203 828 2254 et
840 2199 942 2254 obsint:
958 2219 1018 2271 pro·

221 2278 315 2343 prium
330 2277 376 2328 loc
391 2280 478 2329 statuo
495 2293 545 2329 erre
555 2277 666 2343 uirtutis,
679 2278 813 2330 conciliare
823 2279 923 2331 animoa
936 2278 1019 2333 tomi-

221 2370 298 2419 rtum‚
311 2361 335 2406 et
346 2352 386 2404 ad·
394 2369 457 2405 usca
467 2369 527 2405 scor
537 2351 685 2422 cffunqers.
721 2353 822 2424 Itaque,
835 2373 891 2424 quae
904 2355 930 2408 in
942 2354 1018 2410 rebus

221 2427 350 2492 inanimis,
364 2445 470 2498 quaeque
487 2428 515 2482 in
532 2446 581 2482 usu
597 2434 624 2483 ct
640 2430 793 2485 tractatione
811 2430 941 2486 beluarum
953 2432 1019 2485 finnt

222 2505 323 2560 utiliter
341 2504 374 2559 ad
391 2504 520 2559 hominum
534 2504 619 2569 vitam,
633 2505 731 2561 artibus
748 2525 778 2562 ea
795 2508 945 2563 tribuuntur
960 2525 1020 2577 ope·

222 2585 289 2638 rosis
296 2603 305 2647 3
324 2583 457 2636 domimum
469 2588 555 2636 autem
567 2582 662 2647 nodia,
673 2584 710 2636 ad
724 2585 947 2655 amplificationem
961 2602 1020 2637 nor·

222 2668 324 2714 tranum
336 2675 424 2712 rerum
435 2668 555 2729 prompta
564 2678 594 2711 oc
602 2669 706 2728 parato,
714 2664 831 2715 uirorum
841 2661 1020 2730 prestantium

222 2737 352 2805 rapienda
369 2744 393 2789 et
410 2737 505 2790 uirtute
522 2737 681 2792 nodantur.
716 2737 820 2791 Etenim
837 2736 920 2790 virtus
938 2737 1020 2792 omnis
1032 2749 1060 2795 18

225 2814 308 2866 tribea
323 2811 353 2866 iu
365 2810 442 2866 rebus
455 2811 507 2866 fere
521 2812 643 2866 vertitur:
664 2830 771 2881 quarum
788 2830 845 2864 una
861 2819 902 2865 est
920 2812 947 2865 in
965 2831 1021 2882 per·

224 2889 363 2961 spiciendo,
372 2887 434 2961 quid
442 2888 469 2943 in
479 2907 578 2960 quaque
586 2907 616 2944 re
624 2908 713 2943 verum
723 2890 899 2961 sincerumque
908 2887 950 2955 sit,
961 2890 1023 2958 quid
