2575 3367
279 312 294 359 6
557 308 648 357 'CATO
667 309 784 356 Mal-tus

280 417 375 471 Cinciae
386 415 418 472 dc
430 416 503 472 donis
514 421 540 473 et
553 417 699 473 muneribus
711 418 767 482 luit,
780 417 823 473 hic
834 422 862 473 et
874 418 944 474 bella
958 403 1066 491 gerebat,

279 497 309 548 ut
321 493 474 559 adolescens,
487 512 565 565 quum
577 495 650 565 plane
662 493 765 566 mandis
777 497 853 558 asset,
864 498 892 549 et
902 496 1067 551 Hannibalem

275 569 424 640 juveniliter
435 570 603 637 exsultantem
616 570 738 642 patientia
755 586 802 624 sua
814 570 961 627 molliebat:
978 572 1010 627 de
1022 588 1068 643 quo

279 647 398 717 praeclare
409 646 539 702 familiaris
550 651 638 702 noster
649 646 763 701 Ennius:

338 743 406 789 Unus
414 742 484 788 homo
493 743 560 788 nobis
569 743 700 788 cunctando
709 741 812 787 restituit
820 752 877 786 rem.

338 808 392 853 Non
401 807 502 866 ponebat
511 806 575 854 enim
584 821 687 854 rumores
697 811 751 852 aute
758 806 865 852 salutem.

339 873 401 930 Ergo
411 877 508 930 postque
517 873 636 931 mgisque
646 871 691 917 viri
701 885 763 917 nunc
772 870 848 929 gloria
857 870 938 918 clarat·

244 956 270 1001 11
282 954 421 1006 Tarentum
442 971 502 1007 vero
523 971 573 1023 qua
597 953 737 1024 vigilantia,
759 969 810 1022 quo
830 951 937 1006 consilio
961 953 1069 1023 recepit!

282 1047 358 1098 quum
375 1027 485 1098 quidem,
498 1046 537 1082 me
553 1028 680 1094 audiente,
694 1027 837 1094 Salinatori,
849 1027 902 1097 qui,
919 1029 1013 1083 amisso
1030 1046 1072 1098 op

281 1103 348 1174 pido,
360 1105 462 1172 ingerat
474 1104 501 1157 in
512 1121 602 1169 areem,
616 1104 736 1175 glorianti
747 1107 824 1172 atque
837 1102 874 1156 itu
885 1102 997 1158 dicanti:
1019 1105 1072 1157 ilas

282 1185 365 1250 operm
389 1181 417 1247 Q.
436 1179 512 1243 Fabi,
541 1181 684 1234 Tarentum
706 1181 840 1249 recepisti:
888 1179 968 1247 Gerre,
991 1179 1072 1249 inquit

281 1256 381 1312 ridens:
399 1275 464 1311 cmm
481 1257 537 1310 nisi
554 1266 583 1310 tu
600 1258 737 1323 arrisum,
755 1272 903 1325 numquam
920 1258 1071 1327 mspmaem.

283 1333 339 1387 Nec
351 1352 410 1388 vero
422 1333 448 1387 in
460 1333 535 1387 armis
547 1333 715 1402 praestantior,
730 1350 805 1402 quam
822 1331 849 1384 in
861 1335 941 1402 toga3
959 1333 1003 1403 qui
1015 1351 1073 1388 con·

282 1409 322 1463 sul
334 1410 434 1476 iterum,
446 1410 488 1478 Sp.
500 1408 606 1463 Carvilio
621 1410 718 1480 collega
732 1408 886 1479 quiescente,
907 1407 939 1462 G.
950 1408 1072 1463 Flaminio

282 1484 384 1537 tribuno
401 1485 488 1552 plebis,
501 1484 585 1554 quoad
602 1486 696 1554 potuit,
711 1484 815 1549 restitit,
834 1501 926 1553 agrum
944 1485 1072 1540 Picentem

282 1562 309 1612 et
328 1559 451 1613 Gallicum
469 1559 563 1614 viritim
585 1565 675 1619 contra
694 1563 798 1615 senatus
816 1559 997 1615 auctoritatem
1014 1560 1073 1616 diri·

282 1634 367 1699 denti3
386 1652 516 1706 augurque
528 1654 606 1706 quum
616 1640 692 1701 esset,
702 1637 786 1691 dicere
798 1653 875 1690 ausus
888 1639 938 1704 est,
949 1636 1071 1708 “optimis

281 1711 398 1779 auspiciis
411 1729 441 1765 ea
452 1712 514 1782 geri,
528 1730 584 1782 qum
595 1730 641 1782 pro
654 1712 798 1780 reipublice
811 1711 895 1765 salute
908 1718 1070 1782 gementum

283 1805 338 1857 quae
362 1792 450 1842 eontra
477 1787 655 1858 rempublicam
683 1788 818 1852 ferrentur,
843 1790 935 1842 contra
963 1788 1072 1860 auspicis

246 1864 369 1918 ltierri.'’
405 1863 491 1918 Multa
507 1863 534 1918 in
551 1880 582 1917 eo
593 1864 649 1918 viro
664 1863 784 1933 preclara
800 1862 925 1933 cognovi:
951 1863 998 1919 sed
1014 1863 1071 1919 nibil

282 1944 322 1994 est
335 1939 512 2003 admirabilius,
526 1957 601 2009 quam
617 1939 745 2009 quomodo
762 1939 804 1993 ille
822 1943 931 1993 mortem
949 1940 996 1995 filii
1006 1939 1071 2004 tulit,

281 2016 343 2071 clari
355 2017 440 2071 viriet
452 2015 597 2072 eonsularis.
621 2016 671 2070 Est
683 2016 711 2070 in
722 2014 837 2070 manibus
850 2012 981 2070 laudatio:
1001 2034 1071 2087 quam

282 2110 361 2161 quum
378 2092 493 2162 legimus,
512 2110 586 2162 quem
604 2091 781 2162 philosophum
799 2108 850 2144 non
871 2092 1071 2148 contemnimus!

245 2172 248 2197 ·'
282 2167 339 2221 Nec
352 2186 411 2222 vero
423 2168 465 2222 ille
476 2169 503 2222 in
514 2169 571 2223 luce
582 2168 659 2222 modo
669 2172 746 2239 atque
758 2168 786 2222 iu
801 2166 884 2222 oculis
897 2166 992 2222 civium
1009 2186 1072 2239 mag·

282 2260 337 2306 nus,
351 2242 396 2296 sed
407 2243 476 2297 intus
489 2243 606 2314 dumique
622 2244 791 2314 prestantior.
828 2243 883 2302 Qui
898 2245 1000 2299 sermo!
1020 2261 1072 2315 qua

282 2318 422 2388 praecepta!
451 2322 547 2387 quanta
567 2320 660 2374 notitia
683 2319 859 2391 antiquitatis!
887 2337 946 2389 quoe
970 2321 1073 2375 seientia

279 2394 344 2464 juris
364 2394 479 2464 augurii!
516 2395 607 2449 Multae
626 2397 711 2464 etiam,
730 2400 760 2450 ut
780 2395 806 2449 in
825 2395 930 2448 homino
951 2397 1071 2459 Romano,

281 2471 369 2526 literae.
407 2472 497 2526 Omnia
508 2471 628 2526 memoria
639 2473 750 2536 tenebat,
763 2490 815 2525 non
831 2469 973 2525 domestica
985 2473 1071 2534 solnm,

282 2548 413 2602 sedetiam
426 2551 532 2603 externa
543 2547 615 2603 bella.
643 2550 723 2617 Cujus
736 2564 851 2601 sermone
863 2545 900 2598 ita
911 2552 970 2600 tum
982 2547 1071 2618 cupide

281 2623 391 2691 fruebar,
410 2625 482 2694 quasi
499 2627 553 2692 jam
571 2623 709 2677 divinarem
727 2623 760 2687 id,
773 2621 843 2691 quod
860 2621 954 2687 evenit,
968 2621 1013 2678 illo
1032 2641 1072 2677 er·

282 2699 377 2753 stincto
389 2700 451 2764 fore,
465 2701 533 2754 unde
545 2698 676 2764 discerem,
689 2699 821 2752 neminem.

243 2780 273 2824 13
316 2775 349 2829 V.
373 2777 501 2836 Quorsum
525 2775 605 2844 im'tur
627 2774 681 2828 hacc
705 2779 756 2827 tam
782 2772 861 2826 multa
882 2783 913 2826 de
939 2773 1071 2827 Maximo?

283 2849 352 2907 Quia
367 2851 481 2920 proiecto
494 2850 592 2914 videtis,
606 2850 678 2903 nefas
694 2867 750 2903 esse
767 2848 845 2912 dictu,
861 2849 979 2901 miseram
997 2850 1071 2903 luisse

270 2926 350 2983 talem
373 2929 548 2985 senectutem.
586 2925 643 2982 Nee
666 2929 753 2980 tamen
775 2942 862 2978 omncs
886 2928 996 2987 possunt
1019 2943 1069 2981 esse
