2575 3367
355 236 385 282 92
638 230 688 279 DE
707 232 865 281 otFtctts

353 342 451 397 feeiiius
466 340 665 396 benevolentiam
685 341 856 396 multitudinis
875 348 988 412 possunt·
1007 343 1033 409 ii,
1047 342 1089 415 qui
1104 362 1111 397 1

315 431 345 478 78
354 420 459 489 publices
471 422 592 489 prosunt,
605 437 680 488 quum
693 418 846 473 abstinentia
859 425 885 472 ct
898 420 1067 475 continentie
1100 419 1111 473 i

354 514 413 549 vcro
425 514 452 550 se
465 496 598 567 populares
610 494 707 559 volunt,
719 494 753 550 ob
772 513 879 564 eumque
896 512 1003 549 esuum
1021 502 1066 551 sut
1083 514 1111 567 ug

353 574 416 628 riam
428 592 481 627 rent
494 576 603 636 tentant,
617 578 647 625 ut
660 590 816 642 possessores
833 572 887 626 suis
900 572 1007 627 sedibus
1020 572 1110 645 peliunt

354 655 399 704 eut
410 649 529 720 pecunius
539 648 649 703 ereditas
662 647 817 704 debitoribus
830 647 1013 703 condonandas
1026 654 1111 720 putant

353 725 506 780 labefactent
514 724 680 779 fundamenta
688 724 846 795 reipubiieae3
864 724 1027 779 concordiam
1038 726 1110 795 prinu

354 821 410 872 qum
426 820 482 856 esse
500 819 551 856 uon
569 806 663 871 potest,
681 820 758 871 quum
778 801 833 856 eliis
852 800 1010 866 adimuntur,
1025 802 1110 857 aliisc

354 878 480 933 donantur
492 879 621 949 peouniae3
640 878 730 933 deindo
746 878 900 949 oequitntem,
913 897 971 949 quae
986 879 1090 933 tollitur
1104 898 1111 933 t

353 956 400 1019 nis,
413 955 436 1009 si
448 955 541 1009 hebere
553 974 628 1009 suurn
645 955 736 1025 cuique
748 972 800 1010 non
812 954 881 1011 licet.
918 954 951 1009 ld
963 955 1033 1010 enim
1046 960 1087 1011 est
1099 974 1111 1025 p

353 1032 445 1102 prium,
457 1037 487 1086 ut
500 1050 577 1102 supra
593 1032 655 1097 dixi,
668 1032 779 1086 civitatis
791 1041 868 1100 etque
885 1031 964 1096 urbis,
978 1036 1011 1087 ut
1026 1033 1061 1087 sit
1077 1032 1111 1087 lib

314 1125 345 1175 79
354 1114 380 1163 et
397 1127 448 1163 non
466 1109 575 1163 sollicite
592 1127 644 1163 sure
663 1108 699 1162 rci
718 1108 840 1179 cujusque
858 1107 985 1163 custodis
1023 1110 1111 1179 Atque

355 1186 401 1241 hee
413 1186 523 1256 pernicie
540 1184 683 1255 reipubiieoe
698 1202 730 1239 ne
748 1184 814 1259 illem
833 1184 935 1255 quidem
951 1192 1110 1256 consequuut

355 1282 429 1333 qnam
442 1268 542 1333 putent,
555 1262 670 1333 gretiam.
708 1260 774 1314 Nem
787 1260 829 1315 eui
841 1279 881 1315 res
895 1266 985 1330 erepte
1002 1270 1052 1325 est,
1066 1267 1106 1317 est

356 1341 460 1404 imieus3
479 1340 522 1394 oui
534 1339 600 1403 dete,
613 1338 690 1391 etiem
705 1336 847 1391 dissimulat
863 1355 891 1391 se
903 1337 1021 1407 occipere
1036 1338 1111 1393 voluit

355 1421 381 1468 et
394 1417 501 1469 interime
513 1417 539 1470 in
555 1415 668 1484 pecuniis
685 1414 788 1468 creditis
805 1413 916 1469 occultat
930 1432 1005 1468 suurn
1024 1414 1110 1485 gaudit

354 1509 387 1544 no
399 1492 515 1544 ridentur
526 1509 575 1544 non
594 1491 673 1544 tuisse
690 1490 817 1545 solvendo.
857 1492 891 1543 tt
907 1508 969 1545 vero
989 1490 1040 1558 itte,
1053 1492 1098 1562 qui

355 1566 417 1637 cipit
429 1567 552 1636 injurium,
563 1571 589 1621 et
601 1567 716 1621 meminit
729 1572 755 1621 et
768 1585 819 1637 prro
831 1584 858 1620 se
872 1566 921 1621 tert
934 1566 1049 1622 dolorem
1063 1586 1110 1622 suu

355 1662 409 1711 nce,
422 1644 442 1697 si
455 1643 539 1714 piures
556 1648 616 1697 sunt
633 1644 658 1707 ii,
672 1643 764 1713 quibus
778 1643 892 1714 improbe
909 1642 998 1698 datum
1017 1648 1067 1711 est,
1079 1661 1108 1714 qr

355 1720 400 1785 ilii,
419 1719 511 1790 quibus
531 1720 626 1789 injuste
647 1719 793 1790 ademptum
814 1726 862 1785 est,
884 1719 979 1775 ideiroo
998 1720 1058 1790 plns
1077 1726 1101 1775 et

355 1798 448 1851 velent.
473 1796 533 1850 Nou
544 1797 610 1851 enim
624 1815 729 1851 numero
741 1796 795 1853 huc
803 1797 960 1869 judicantur,
972 1796 1018 1851 sed
1032 1796 1097 1867 ponr'

357 1876 440 1935 erum
460 1877 544 1927 nutem
561 1873 637 1927 hebet
655 1874 808 1943 equitatem,
822 1881 851 1928 ut
869 1892 958 1945 ugrum
975 1874 1067 1929 multis
1082 1892 1090 1928 r

356 1955 400 2004 eut
419 1951 493 2005 etiam
512 1950 611 2005 suculis
630 1954 689 2004 ente
707 1968 858 2021 possessum,
875 1951 918 2021 qui
936 1949 1036 2004 nullum
1055 1951 1084 2005 be

356 2025 455 2090 habeut,
469 2028 511 2097 qui
524 2034 608 2081 autern
621 2026 717 2091 habuit,
731 2027 853 2080 amittet?

317 2102 348 2147 80
390 2101 495 2157 XXIII.
514 2104 553 2157 Ao
569 2106 673 2172 propter
690 2102 738 2157 hoe
755 2104 853 2171 injuriae
871 2120 952 2173 genus
964 2102 1072 2157 Lecedu

354 2177 514 2246 Lysandrum
534 2179 655 2249 ephorum
677 2179 844 2249 expulerunt:
881 2179 950 2249 Agin
970 2196 1064 2243 repom,

355 2272 491 2323 numquam
505 2259 578 2309 antea
592 2254 659 2324 opud
671 2274 714 2310 eos
728 2255 860 2319 accideret,
875 2259 1037 2309 necaverunt.

355 2349 386 2386 eo
402 2336 515 2399 ternpore
533 2335 611 2385 tantm
627 2330 758 2386 discordie
776 2338 869 2387 secutur
882 2336 951 2398 sunt,
963 2337 993 2386 ut
1009 2337 1036 2385 et

355 2408 516 2471 exsisterent,
528 2414 554 2462 et
566 2407 702 2477 optimates
721 2409 958 2471 exterminarentur,
972 2413 999 2461 et
1016 2426 1046 2478 pr

356 2486 419 2541 sime
432 2486 573 2541 constituta
586 2483 726 2553 respublica
738 2484 900 2539 dilaberetur.
929 2486 985 2538 Nee
1000 2503 1042 2537 ver

356 2564 412 2634 ipsu
429 2563 528 2627 occidit,
545 2560 589 2615 sed
607 2560 683 2614 etium
702 2561 822 2632 reliquum
843 2562 964 2615 (trucium
982 2579 1035 2613 ever

356 2641 503 2711 tugionibus
527 2638 657 2700 mulorum,
683 2655 747 2703 truse,
771 2656 785 2690 u
811 2637 1005 2690 inccdrcmouiis

356 2722 491 2771 manarunt
503 2716 586 2771 letius.
613 2713 701 2771 Quid?
721 2721 821 2767 nostros
834 2714 969 2778 Gracchos,
982 2714 1021 2768 'i'i

357 2794 449 2848 summi
468 2794 522 2859 viri,
535 2794 607 2858 filios,
621 2791 735 2845 Atrieuni
752 2800 865 2861 nepotes,
879 2809 960 2845 nonne
978 2811 1018 2859 ug*
