2575 3367
270 318 301 367 ll
543 314 634 363 CATO
651 313 773 363 ustos

269 430 305 499 (is
316 427 382 484 enirn
398 429 453 485 erat
464 426 536 483 locus
551 426 616 484 ulter
627 424 659 482 de
670 425 739 482 vitiis
751 424 916 495 emaciatis)
927 442 980 481 non
994 443 1002 496 1

269 523 344 577 quam
353 504 498 560 adolescens
509 504 577 559 tauri
589 506 633 558 aut
642 501 770 573 elephanti
778 500 964 557 desiderabam.
987 502 1002 565 C

268 584 317 645 est,
329 599 360 636 eo
377 580 450 636 decet
467 580 508 635 uti
524 583 559 647 et,
571 577 694 651 quidquid
711 596 780 650 agas,
797 595 875 650 agere
893 597 943 650 pro
955 578 1002 635 riri

270 658 333 723 Que
347 658 415 713 enim
428 674 479 712 vox
495 658 581 727 potest
598 672 655 711 esse
671 654 849 724 contemptior,
863 673 942 726 quam
957 653 1002 711 lit

270 732 444 789 Crotoniataet
463 731 514 803 qui,
528 749 605 802 quum
612 734 669 801 jam
685 748 764 787 senex
775 734 845 786 esset
861 730 1002 803 athletcsqu

268 814 415 863 exercentes
430 807 457 863 iu
473 806 597 864 curricqu
612 806 718 875 videret,
729 806 860 877 aspexisse
875 805 988 863 lacertos

268 883 362 938 dicitur
373 883 572 954 illacrimansque
588 882 682 938 dixisse
692 901 700 937 ι
722 886 760 937 Aa
771 882 801 936 a·
810 882 1002 954 quidemjaw

267 962 309 1013 tui
325 968 395 1013 scat.
430 958 492 1013 Non
506 976 567 1014 vero
584 963 637 1014 tam
654 958 706 1024 isti,
719 976 794 1029 qnam
811 957 929 1030 tuipse,
945 978 1002 1031 nup

268 1033 360 1105 Neque
372 1033 438 1088 enim
455 1052 488 1089 ex
498 1037 526 1090 tc
537 1052 656 1106 nmquam
673 1052 701 1090 es
716 1032 875 1100 nobilitatus,
889 1034 937 1091 sed
952 1036 1002 1091 exj

268 1109 340 1165 ribus
355 1113 382 1165 et
393 1109 494 1165 lacertis
510 1110 570 1165 tuis.
606 1110 680 1165 Nihil
691 1109 809 1165 &Allius
825 1109 886 1176 tale,
899 1111 966 1166 nihil
976 1129 1002 1166 ιιι

268 1185 341 1240 annis
356 1189 416 1240 ante
432 1185 471 1240 li.
485 1186 663 1251 Gomncanius,
681 1185 744 1240 nihil
761 1184 838 1241 modo
855 1185 887 1241 P.
900 1186 1002 1242 cresum

269 1261 361 1333 quibus
379 1262 440 1334 jura
458 1261 555 1318 civibus
574 1261 817 1333 proscribebantur:
839 1272 959 1333 quornm
982 1281 1000 1317 ιι

229 1349 260 1396 28
269 1338 301 1392 ad
313 1342 453 1394 extremum
465 1338 583 1409 spiritum
594 1341 634 1393 est
646 1342 767 1409 prouecta
778 1336 924 1408 prudentia.
961 1338 1002 1395 On

269 1419 363 1481 metuo,
377 1433 409 1469 ne
425 1413 572 1484 languescat
588 1418 737 1469 senectute:
754 1417 794 1468 est
810 1412 880 1468 enim
897 1432 992 1470 munus

268 1506 321 1543 non
335 1490 430 1559 ingenii
445 1490 536 1556 solum,
548 1489 594 1544 scd
608 1489 717 1545 laterum
732 1489 809 1545 etiam
825 1492 854 1544 ct
865 1490 969 1545 virium.

268 1564 328 1618 nino
340 1582 460 1619 macrum
471 1564 534 1621 illud
545 1566 573 1620 in
581 1583 643 1621 uoce
655 1564 806 1636 splendescit
819 1565 907 1634 etiam,
916 1566 1002 1623 nescio

269 1642 351 1709 paeto,
369 1639 397 1694 in
413 1644 561 1697 senectute:
582 1641 651 1712 quod
667 1640 783 1713 equidem
801 1641 886 1696 adhuc
905 1658 958 1697 uon
975 1660 1002 1697 an

269 1719 296 1770 et
307 1715 399 1771 videtis
415 1734 503 1772 annos.
538 1717 588 1773 Sed
603 1723 690 1773 tamen
705 1717 812 1773 decoros
826 1719 868 1772 est
885 1736 1002 1773 sermon

269 1793 371 1864 quietus
392 1796 419 1847 et
439 1792 576 1860 remissus;
599 1793 712 1864 iecitque
733 1811 845 1865 persoepe
864 1792 924 1864 ipsa
947 1793 998 1851 sibi

268 1869 389 1924 dientiam
401 1868 489 1924 diserti
504 1868 571 1924 senis
583 1877 686 1940 compta
700 1873 727 1926 et
742 1870 812 1925 mitis
823 1870 916 1925 oratio.
954 1872 1002 1938 Qus

267 1945 322 2016 ipse
338 1945 442 2016 exsequi
459 1962 576 2015 nequeas,
589 1946 672 2015 possis
689 1949 776 2001 tamen
793 1940 1002 2016 Scipioni‘prsd

268 2025 295 2075 et
307 2021 394 2076 Laelio.
430 2019 498 2086 Quid
509 2020 576 2075 enim
590 2020 729 2091 jucundius
745 2025 877 2076 senectute
894 2023 994 2093 stipata

229 2095 317 2153 endiis
337 2096 499 2168 juventutis?
534 2097 577 2150 An
599 2114 632 2150 ne
656 2114 699 2151 eas
719 2096 820 2167 quidem
841 2096 909 2152 uires
933 2116 1002 2153 senet

268 2172 445 2242 relinquemus,
470 2175 500 2227 ut
528 2171 729 2227 adolescentulos
752 2170 849 2237 doceat,
872 2173 1002 2239 instituat,

268 2264 342 2301 omne
357 2247 432 2302 officii
446 2266 539 2302 munus
555 2248 686 2302 iustruatl’
716 2247 777 2307 Quo
789 2246 891 2317 quidem
908 2267 989 2320 opere

268 2325 353 2391 potest
369 2340 424 2377 esse
441 2323 603 2393 preclarius?
633 2323 702 2378 Mihi
713 2341 774 2378 vero
787 2325 831 2377 On.
843 2326 870 2377 et
887 2325 919 2378 Ρ.
929 2320 1001 2396 Scipi

268 2402 295 2451 et
314 2397 355 2451 avi
375 2397 414 2452 tui
435 2396 493 2464 duo,
510 2399 542 2454 L.
552 2399 671 2454 AEmiliua
689 2403 716 2454 et
733 2399 763 2454 P.
773 2398 918 2465 Africanus,
938 2401 1002 2456 comi

267 2472 389 2528 nobilium
404 2474 527 2544 juvenum
544 2474 669 2529 fortunati
685 2474 843 2530 videbantur.
878 2475 939 2531 Neo
957 2477 1002 2532 ulll

267 2567 357 2603 narum
369 2549 461 2604 artium
473 2550 589 2620 magistri
600 2567 652 2603 non
665 2550 732 2605 beati
743 2549 857 2621 putandi,
870 2553 990 2621 quamvis

268 2626 399 2680 senuerint
411 2627 477 2681 vires
490 2631 566 2696 atque
576 2625 722 2681 defecerint.
752 2627 810 2681 Etsi
821 2626 872 2680 iste
883 2627 941 2697 ipsa
954 2628 1002 2683 det

268 2701 358 2754 virium
376 2701 550 2757 adolescentiae
563 2701 630 2755 vitiis
648 2702 755 2756 efficitur
767 2702 866 2772 sapius,
881 2720 960 2772 quam
977 2722 1002 2758 se

267 2776 347 2830 tutis:
369 2776 502 2832 libidinosa
519 2777 585 2831 enim
603 2782 631 2830 et
649 2777 819 2847 intemperans
837 2777 1002 2834 adolescentia

228 2851 349 2917 ajietum
372 2870 464 2923 corpus
488 2852 567 2908 tradit
590 2853 725 2908 senectuti
762 2853 845 2923 Cyrus
867 2853 973 2925 quidem
995 2873 1002 2911 ι
