2575 3367
377 455 410 502 68
662 454 711 503 DE
729 455 882 504 orrlcrrs

378 570 574 623 consentaneam
587 567 688 637 carique,
701 568 763 639 qnid
774 586 942 639 consequens,
955 587 990 624 ex
1002 587 1055 640 quo
1068 588 1130 642 quer

379 645 525 715 gignantur,
538 663 594 716 que
611 645 736 716 cujusque
753 646 791 700 rei
808 664 886 700 causa
903 647 952 700 sit:
971 648 1097 714 alterum,
1109 665 1130 701 α

379 721 439 775 bere
450 726 535 776 motus
549 721 626 776 animi
638 722 765 790 turbatos,
778 740 842 793 quos
854 723 938 777 Grmci
949 728 1014 788 πάθη
1026 723 1130 778 nomina

379 798 605 870 appetitionesque,
617 818 681 870 quas
698 800 735 854 illi
753 807 832 870 ὁρμάς,
850 800 999 855 obedientes
1017 801 1119 856 efficere

379 875 459 930 tioniz
477 877 591 941 tertiam,
604 876 643 942 iis,
660 877 810 948 quibuscum
827 895 1021 948 congregamur,
1033 878 1075 930 uti
1091 895 1130 931 mo

379 956 435 1006 rate
451 956 479 1006 et
496 951 613 1018 scienter,
632 971 740 1024 quorum
758 953 850 1010 studiis
868 972 906 1020 ea,
923 972 980 1025 que
997 958 1094 1008 natura
1111 953 1130 1008 d·

379 1027 459 1093 derat,
472 1030 574 1098 expleta
589 1030 769 1101 cumulataque
781 1031 918 1086 habeamus
925 1051 933 1096 ;
953 1048 999 1101 per
1012 1030 1130 1101 eosdemq

379 1103 473 1176 siquid
484 1105 637 1175 importetur
648 1107 721 1162 nobis
733 1107 893 1173 incommodi,
904 1106 1091 1177 propulsemus,
1100 1107 1130 1161 ul

379 1199 516 1252 camurqne
534 1200 586 1247 cos,
605 1183 649 1253 qui
666 1202 758 1239 nocere
774 1184 848 1239 nobis
866 1184 950 1239 eonati
968 1187 1038 1246 sunt,
1051 1188 1130 1237 tanta

379 1277 454 1329 poena
476 1259 621 1326 afficiamus,
644 1264 765 1331 quautam
785 1261 892 1331 equitas
914 1259 1112 1331 humanitasque

379 1335 452 1391 titur.

343 1422 371 1470 19
414 1413 465 1468 vl.
479 1411 580 1474 aarum
592 1415 678 1468 autem
690 1413 832 1468 rationibus
840 1413 906 1468 hanc
913 1411 1062 1468 faculatem
1074 1431 1130 1467 asse

378 1490 513 1561 possimus,
524 1493 556 1546 ut
572 1489 703 1545 hominum
721 1490 807 1545 studia
824 1489 1023 1560 complectamur
1040 1507 1122 1560 caque

378 1586 491 1632 neamus,
505 1567 625 1633 dicemus,
637 1585 720 1639 neque
732 1567 769 1621 ita
777 1567 858 1621 multo
871 1570 945 1637 post:
963 1565 1009 1621 sed
1021 1584 1130 1635 paucas

379 1643 487 1698 dicenda
498 1646 567 1697 sunt.
606 1645 730 1715 Magnam
741 1643 792 1698 vim
810 1661 866 1698 esse
877 1644 1027 1713 infortuna
1038 1643 1067 1696 in
1079 1647 1130 1697 utra

378 1737 428 1789 que
440 1724 545 1790 partem,
559 1718 598 1773 vcl
616 1719 740 1775 secundas
758 1720 791 1775 ad
808 1739 849 1775 res
861 1719 902 1774 vel
919 1718 1046 1784 adversas,
1060 1720 1119 1790 quis

377 1797 472 1851 norati
507 1795 574 1850 Nam
593 1799 620 1850 et
638 1815 717 1867 quum
733 1815 854 1867 prospero
866 1798 930 1851 flatu
946 1799 1003 1864 ejus
1021 1796 1128 1862 utimur,

378 1872 463 1927 exitus
478 1872 639 1942 pervehimur
651 1876 761 1943 optatos,
774 1879 801 1928 et
818 1892 896 1945 quum
908 1872 1015 1936 reflavit,
1029 1872 1130 1944 affligim

378 1949 444 2005 Hac
461 1949 541 2021 igitur
558 1949 613 2020 ipsa
628 1949 734 2004 fortuna
751 1957 850 2004 ceteros
868 1968 942 2004 casus
960 1949 1071 2004 rariores
1088 1950 1130 2004 hal

378 2027 485 2097 primum
504 2026 536 2081 ab
554 2026 671 2081 inanimis
688 2026 819 2096 procellas,
835 2029 1010 2096 tempestates,
1029 2026 1130 2096 naahas

378 2103 472 2170 ruinas,
484 2103 617 2169 incendia;
635 2102 727 2158 deinde
742 2121 758 2156 a
773 2102 862 2158 bestiis
877 2103 952 2166 ictus,
970 2120 1082 2166 morsus,
1094 2103 1127 2156 ini

338 2192 368 2237 20
378 2187 428 2235 tus.
465 2183 529 2236 Hac
540 2198 609 2252 ergo,
617 2185 649 2234 ut
661 2179 721 2245 dixi,
735 2179 838 2233 rariora.
874 2181 911 2234 nt
923 2196 983 2232 vero
995 2178 1118 2233 interitus

378 2257 511 2325 ercituum,
530 2262 561 2312 ut
581 2257 696 2329 proxime
718 2256 803 2321 triam,
826 2274 893 2326 saepe
914 2254 1070 2321 multorum;
1089 2256 1130 2310 cla<

378 2334 567 2402 imperatorum,
581 2338 611 2388 ut
626 2352 707 2404 nuper
725 2332 818 2387 summi
835 2342 862 2386 et
878 2331 1014 2401 singularis
1026 2331 1091 2386 viri:
1110 2333 1130 2387 it

378 2408 426 2463 diae
435 2413 557 2479 praeterea
568 2409 749 2474 multitudinis,
757 2415 835 2480 atque
846 2408 880 2463 ob
892 2427 935 2462 eas
947 2407 1011 2462 beue
1023 2410 1130 2463 meritur

377 2502 445 2554 saepe
460 2484 552 2538 civium
569 2484 738 2554 expulsiones,
752 2487 917 2548 calamitates,
930 2485 1013 2550 fugae:
1033 2503 1130 2540 rursusi

377 2560 495 2616 secunda
510 2578 559 2628 res,
571 2561 687 2627 honores,
700 2563 812 2633 imperia,
824 2563 946 2625 victoria,
958 2580 1111 2632 quamquam
1124 2566 1130 2615 t

377 2639 445 2693 tulta
456 2642 525 2706 sunt,
536 2641 623 2692 tamen
640 2640 695 2694 sine
707 2640 837 2694 hominum
855 2640 946 2711 opibus
958 2643 985 2693 et
1001 2639 1095 2694 studiis
1112 2658 1128 2693 n

377 2721 443 2773 tram
463 2717 491 2772 in
513 2719 612 2787 partem
636 2718 701 2772 effici
725 2723 842 2789 possunt.
879 2718 939 2771 Hoc
958 2715 1039 2786 igitur
1060 2720 1130 2787 cogn}

377 2794 509 2850 dicendum
522 2797 571 2856 est,
584 2812 694 2864 quonam
710 2797 780 2849 modo
798 2796 933 2848 hominum
944 2794 1032 2846 stadia
1047 2793 1086 2846 cd
1101 2804 1130 2848 ut

377 2876 441 2926 tates
456 2880 557 2926 nostrae
572 2870 676 2924 allicere
691 2881 767 2941 atque
782 2874 895 2924 excitare
908 2872 1034 2938 possimus.
1072 2870 1130 2934 Qua

376 2948 476 3019 longior
493 2949 572 3002 fuerit
589 2948 680 3012 oratio,
697 2966 754 3002 cum
772 2946 948 3018 magnitudine
967 2946 1089 3002 utilitatis
1107 2965 1130 3002 ct

377 3030 497 3091 paretur:
516 3026 553 3080 ita
565 3025 674 3079 sortasse
685 3025 761 3080 ctiam
775 3025 875 3079 brevior
888 3023 1022 3078 videbitur.
