2575 3367
463 321 529 368 ΜΒ.
550 320 569 368 Ι,
591 320 665 367 CAP.
685 320 721 376 16,
738 320 774 370 li'.
983 319 1013 368 21

225 431 258 485 ris
270 434 334 501 ejus,
348 430 424 501 quod,
437 430 469 486 ab
481 430 564 485 Ennio
577 431 687 501 positum
700 430 726 484 in
738 447 788 484 unu
797 447 831 494 re,
845 429 977 485 transferri
989 431 1016 484 iu

225 508 316 562 multas
329 511 423 578 potest.

313 596 398 652 Homb,
410 597 450 655 qui
459 596 545 642 erranti
555 595 653 642 comitor
662 596 775 641 monstrlt
785 597 854 650 viam,

312 661 384 716 Quasi
393 661 473 707 lumen
483 662 512 706 ds
522 675 563 707 suo
573 661 661 706 lumine
671 662 789 714 accendat,
798 662 862 714 facit,

312 725 472 772 Nihilominus
483 726 526 784 ipsi
536 726 605 780 lucet,
615 739 686 784 quum
696 726 730 771 illi
740 726 877 772 accenderit

226 803 285 857 Una
296 821 329 857 ex
340 821 369 858 re
380 804 443 858 satis
455 804 607 874 precipitur,
619 808 657 872 ut,
666 804 788 874 quidquid
799 805 854 859 siue
866 804 1019 858 detrimento

225 878 377 934 commodari
389 880 477 950 possit,
490 880 516 935 id
528 880 657 935 tribuatur
668 880 708 934 vel
719 881 814 951 ignoto.
845 881 885 934 Er
895 898 945 951 quo
957 884 1017 934 sunt
1030 885 1062 929 52

225 955 267 1009 illa
275 956 424 1021 communia,
439 957 500 1011 Non
511 956 644 1026 prohibere
659 975 724 1026 aqua
735 957 893 1027 profluente;
916 957 974 1011 Pati
988 955 1019 1009 ab

226 1031 283 1102 igne
294 1032 380 1102 ignem
392 1049 488 1103 capere,
499 1033 521 1086 si
533 1033 589 1102 quis
601 1032 678 1098 velit;
698 1033 835 1087 Consilium
845 1033 917 1087 fidele
927 1031 1020 1086 delibe-

225 1109 292 1161 ranti
304 1108 379 1162 dare:
402 1127 457 1179 qua
470 1113 530 1162 sunt
542 1109 573 1163 iis
585 1110 665 1174 utilia,
678 1109 721 1180 qui
737 1110 874 1179 accipiunt,
887 1108 955 1162 danti
968 1125 1020 1161 uon

225 1184 339 1238 molesta.
377 1184 463 1243 Quare
475 1189 501 1238 et
513 1185 553 1239 his
566 1185 689 1240 utendum
706 1190 753 1249 est,
767 1191 794 1239 et
812 1203 911 1253 semper
926 1183 1020 1253 aliquid
1054 1212 1056 1217 ·

227 1259 257 1314 ad
278 1278 436 1314 communem
462 1261 599 1316 utilitatem
625 1261 787 1315 afferendum.
832 1259 883 1313 Sed
902 1260 1019 1329 quoniam

226 1336 305 1406 copiae
325 1355 409 1406 parva
432 1337 589 1408 singulorum
611 1344 680 1403 sunt,
703 1355 789 1391 corum
811 1340 903 1399 antem,
927 1336 970 1404 qui
989 1335 1020 1388 iis

227 1422 326 1488 egeant,
342 1419 440 1472 infinita
457 1423 496 1474 est
514 1419 659 1486 multitudo,
679 1418 790 1488 vulgaris
806 1417 942 1473 liberalitas
958 1417 1021 1470 refe-

227 1493 304 1548 reuda
317 1499 357 1548 est
370 1494 401 1548 ad
413 1495 484 1550 illurn
501 1496 578 1550 Ennii
595 1496 678 1560 finem,
691 1495 860 1550 Nihildminur
876 1498 924 1565 ipa
940 1493 1021 1548 lrc‘cef:

227 1576 256 1624 ut
269 1571 376 1624 facultas
389 1571 431 1635 sit,
445 1573 534 1643 quain
546 1575 646 1627 nostros
659 1573 737 1626 simus
749 1572 871 1627 liberales.

260 1647 351 1700 XVII.
372 1646 472 1701 Gradus
484 1652 569 1702 autem
581 1649 666 1718 plures
676 1652 736 1702 sunt
745 1649 874 1704 societatis
883 1647 1019 1702 hominum.
1033 1652 1064 1697 53

227 1723 265 1776 Ut
278 1723 345 1776 eninr
358 1722 390 1776 ab
402 1723 444 1776 illa
456 1724 554 1777 infinita
570 1723 723 1788 discedatur,
738 1725 840 1795 propior
856 1728 895 1778 est
908 1722 1021 1794 ejusdcm

227 1805 319 1875 gantis,
333 1806 450 1874 nationis,
463 1806 570 1877 linguoe3
591 1825 640 1877 qua
658 1807 768 1862 maxime
787 1806 901 1861 homines
918 1809 1022 1873 conjun-

226 1885 336 1951 guntur:
354 1882 461 1936 interius
470 1883 545 1936 etiam
556 1889 594 1936 est
607 1882 719 1952 ejusdem
730 1901 785 1937 esse
795 1882 914 1937 civitatis.
936 1879 1023 1934 Multa

227 1957 294 2011 enim
308 1961 368 2010 snut
378 1956 475 2011 civibus
485 1957 552 2012 inter
561 1977 588 2013 se
598 1959 754 2013 communia:
767 1958 859 2022 forum,
868 1957 933 2021 fana,
944 1956 1022 2025 porti·

227 2050 281 2100 cus,
297 2032 355 2096 riae,
371 2032 477 2103 leges,J
471 2037 533 2098 ura,
553 2035 656 2104 judicia,
676 2034 804 2103 suffragia,
827 2036 932 2087 consuet
920 2032 1022 2086 tudines

227 2111 397 2178 praetereaet
386 2054 546 2164 tiarniliarit
534 2115 609 2175 t,ates
631 2110 704 2164 mult'
685 2115 769 2180 usque
793 2127 851 2164 cum
871 2109 958 2163 multis
982 2127 1022 2164 res

226 2184 389 2271 rationesque
404 2189 549 2241 contracta.
585 2186 689 2240 Arctior
705 2203 766 2240 vero
784 2185 911 2257 colligatio
929 2189 968 2239 est
985 2204 1023 2239 so·

227 2260 264 2314 cie
265 2260 328 2314 tatis
341 2261 550 2350 propinquorum.
583 2262 624 2316 Ab
635 2262 679 2316 illa
690 2262 756 2316 enim
768 2261 891 2317 immensa
902 2262 980 2316 societ
982 2266 1023 2316 ate

227 2335 332 2389 humani
348 2337 449 2405 generis
466 2337 493 2390 in
511 2337 632 2407 exiguum
650 2342 838 2408 augustumque
856 2338 984 2392 concludit
973 2343 1023 2397 tur

227 2411 296 2465 Nam
318 2429 395 2482 quum
414 2412 451 2466 sio
470 2412 518 2468 hoo
538 2417 630 2467 natura
648 2429 780 2468 commune
799 2413 972 2477 animantium,
992 2418 1023 2466 ut
1036 2416 1068 2462 54

227 2486 338 2542 habeant
358 2486 488 2543 libidinem
511 2488 667 2559 procreandi,
692 2489 774 2559 prima
794 2489 930 2543 societas'
922 2507 949 2542 ιιι
968 2489 1024 2557 ipso

228 2562 346 2635 conjugio
364 2566 420 2618 est:
446 2565 561 2634 proxima
577 2564 605 2619 in
622 2564 723 2619 liberis:
750 2563 840 2619 deinde
857 2581 908 2617 una
926 2564 1023 2628 domus,

228 2639 372 2694 communia
383 2640 474 2694 omnia.
510 2641 543 2695 Id
563 2645 649 2695 antem
667 2645 706 2696 est
724 2640 874 2710 principium
893 2638 980 2704 Urbis,
998 2643 1025 2694 ct

228 2717 300 2787 quasi
311 2715 475 2770 seminarium
489 2716 640 2787 reipublicae.
676 2718 824 2788 Sequuntur
842 2715 949 2768 fratrum
966 2733 1025 2769 con-

226 2791 387 2862 junctiones;
419 2795 477 2861 post
498 2792 705 2847 consobrinorum
727 2790 950 2862 sobrinarumqne:
982 2793 1026 2863 qui

228 2887 306 2941 quum
325 2885 378 2922 una
392 2866 467 2922 doma
482 2868 535 2939 jam
552 2869 609 2939 capi
625 2887 677 2924 non
694 2865 923 2940 muntinolus
936 2866 1044 2929 bornus,
