2575 3367
461 305 530 354 LIB.
549 306 570 356 1.
588 305 664 355 cnP.
683 307 722 363 36,
741 305 781 356 37.
993 307 1024 352 49

223 412 340 468 bonitate
363 411 461 466 tuenda
483 416 531 478 est,
556 412 626 468 color
653 413 876 468 exercitationibus
903 413 1023 483 corporis.

221 486 376 544 Adhibenda
396 491 518 556 praterea
541 488 666 543 munditia
686 493 726 543 est
749 507 801 543 non
821 489 915 554 odiosa,
939 508 1021 560 neque

222 565 353 638 exquisita
363 564 454 629 nimis3
479 567 579 619 tantum
598 583 653 636 quoe
669 565 752 635 fugiat
770 570 895 635 agrestem
908 569 935 618 et
947 566 1020 620 inhu-

222 659 323 695 manam
348 639 538 709 negligentiam.
574 640 670 696 Iladem
690 641 757 695 ratio
774 645 815 695 est
834 640 949 695 habenda
965 660 1020 694 res-

221 717 304 783 titus;
324 717 353 770 in
376 733 426 786 quo
451 715 529 785 (sicut
550 716 577 771 in
596 717 723 786 plerisque
747 717 835 784 rebus)
860 717 1021 770 mediocritas

221 794 321 864 optima
332 795 380 846 est.
417 791 563 847 Cavendum
580 797 620 847 est
637 797 730 858 autem,
743 812 776 847 ne
792 799 837 847 aut
855 793 1018 848 tarditatibus
1031 801 1075 847 131

220 874 326 924 utamur
342 868 371 922 in
388 866 505 939 ingressu
522 868 686 934 mollioribus,
704 874 734 923 ut
752 888 898 940 pompamm
917 870 1018 925 ferculis

221 946 317 1001 similes
330 962 386 999 esse
400 945 545 1011 videamur3
572 949 616 1000 ant
631 947 658 1000 in
675 947 881 1000 festinationibus
898 947 1019 1017 suscipia-

220 1041 278 1078 mus
290 1021 383 1077 nimias
395 1020 562 1076 celeritatem
578 1040 634 1091 quae
647 1042 724 1093 quum
737 1024 809 1087 fiunt,
823 1023 949 1077 anhelitus
966 1041 1018 1077 mo·

220 1102 322 1165 rentur,
340 1097 427 1152 vultus
448 1102 590 1162 mutantur,
612 1116 658 1152 ora
678 1103 846 1169 torquentur:
873 1118 904 1152 ex
926 1100 1017 1170 quibus

219 1193 314 1246 magna
334 1173 486 1244 significatio
506 1174 542 1239 fit,
564 1192 615 1229 non
636 1174 725 1230 adesse
746 1177 922 1230 constantiam.
968 1176 1017 1230 Sed

219 1252 302 1306 multo
315 1249 391 1304 etiarn
408 1249 488 1319 magis
504 1249 682 1305 elaborandum
701 1254 748 1317 est,
761 1269 793 1304 ne
811 1251 887 1304 animi
902 1254 986 1303 motus
1003 1269 1019 1305 a

218 1333 313 1382 natura
324 1324 460 1380 recedant:
485 1325 554 1396 quod
565 1344 736 1396 assequemur,
750 1327 772 1380 si
784 1326 934 1392 cavebimus,
947 1345 979 1379 ne
991 1327 1017 1381 in

218 1401 426 1474 perturbationes
440 1405 516 1472 atque
532 1403 730 1457 examinationes
746 1402 893 1466 incidamus,
907 1407 933 1456 et
945 1404 966 1457 si
979 1409 1018 1457 at-

219 1485 307 1535 tentos
332 1478 428 1532 animos
452 1478 485 1532 ad
508 1477 606 1534 decoris
630 1480 845 1534 conservationem
867 1479 1016 1534 tenebimus.

218 1556 311 1611 Motus
336 1558 422 1609 autem
443 1554 585 1610 animorum
606 1555 719 1623 duplices
740 1560 808 1622 sunt,
830 1556 902 1610 alteri
921 1558 1072 1626 cogita-132

218 1633 306 1696 tionis,
321 1630 395 1685 alteri
414 1632 551 1702 appetitus.
595 1631 724 1702 Cogitatio
741 1633 768 1686 in
783 1651 844 1687 vero
861 1634 1015 1703 exquirendo

218 1709 329 1763 maxime
354 1711 488 1762 versatur:
523 1708 653 1778 appetitus
682 1708 789 1778 impellit
818 1709 851 1762 ad
880 1712 1014 1778 agendum.

219 1783 368 1840 Curandum
380 1787 421 1838 est
432 1783 519 1854 igitur,
532 1787 563 1838 ut
578 1785 733 1855 cogitatione
749 1785 781 1838 ad
799 1803 839 1839 res
857 1804 931 1855 qnam
950 1786 1015 1853 opti-

217 1881 272 1916 mas
284 1865 397 1924 utamur,
410 1860 552 1929 appetitum
564 1861 656 1916 rationi
668 1861 826 1916 obedientem
838 1862 1001 1931 praebcamus.

252 1937 398 1993 XXXVII.
414 1936 450 1991 Et
463 1938 581 2006 quoniam
590 1956 683 2008 magna
694 1938 732 1991 vis
744 1938 865 1991 orationis
878 1941 1014 2006 astraque

218 2014 321 2086 duplex,
340 2013 421 2067 altera
440 2014 617 2078 contentionis,
631 2014 711 2068 altera
722 2013 859 2068 sermonis:
884 2014 1014 2067 contentio

218 2088 447 2162 disceptationibus
458 2089 587 2145 tribuatur
594 2089 757 2160 judiciorum,
771 2089 927 2152 concionum,
941 2108 1013 2143 sena·

217 2175 279 2232 tus;
304 2185 380 2221 serum
393 2166 419 2220 in
435 2166 543 2233 circulis,
557 2166 779 2237 disputationibus,
793 2166 1012 2237 congressionibus

216 2242 380 2298 familiarium
393 2246 516 2310 versetur,
529 2247 651 2314 sequatur
662 2241 739 2297 etiam
751 2242 872 2298 convivia.
904 2245 1013 2297 Conten-

215 2321 294 2375 tionis
308 2321 435 2390 praeoepta
446 2319 576 2374 rhetorum
595 2325 663 2383 sunt,
677 2319 747 2374 nulla
763 2320 900 2374 sermonis:
926 2339 1013 2389 quam-

216 2415 291 2468 quam
306 2394 376 2449 haud
388 2395 448 2460 scio,
461 2413 494 2449 an
505 2395 605 2466 possint
616 2396 670 2448 haee
687 2414 787 2465 quoque
799 2414 862 2450 esse.
900 2396 950 2449 Sed
962 2395 1013 2448 dis-

215 2473 329 2529 centium
343 2470 435 2525 studiis
453 2472 619 2526 inveniuntur
633 2472 764 2541 magistri:
788 2472 848 2526 huic
866 2475 949 2524 autem
968 2472 1013 2538 qui

171 2564 173 2569 ’
215 2549 347 2611 studeant,
369 2551 429 2602 sunt
450 2547 530 2614 nulli;
558 2549 688 2602 rhetorum
709 2548 785 2601 turba
805 2548 900 2601 referta
919 2546 1010 2600 omnia.

215 2628 378 2696 Quamquam
402 2643 458 2694 quae
478 2624 612 2679 verborum
633 2624 865 2693 sententiarumque
886 2624 1012 2690 praecepta

213 2707 284 2771 sunt,
309 2699 397 2756 eadem
422 2700 454 2754 ad
477 2719 617 2755 sermonem
641 2700 812 2771 pertinebunt.
859 2696 908 2750 Sed
932 2713 1070 2765 quum133

213 2778 339 2835 orationis
356 2775 464 2830 indicem
482 2795 569 2833 vocem
587 2776 732 2842 habeamus,
744 2775 771 2828 in
788 2790 849 2826 voce
862 2776 946 2825 autem
960 2772 1010 2827 duo

213 2870 360 2928 sequamur,
373 2854 405 2906 ut
422 2851 489 2907 clara
507 2853 548 2921 sit,
566 2856 596 2907 ut
614 2852 707 2917 suavis,
723 2855 861 2920 utrumque
878 2848 979 2903 omuino
995 2866 1012 2903 a

603 2941 623 2982 E
