2575 3367
264 320 295 366 82
549 316 598 365 DE
616 315 771 366 opulens

264 431 349 492 etiam,
369 427 437 499 quod
457 427 621 497 largitionem
641 427 809 498 campulum
828 425 896 482 dixit
915 444 983 483 esse.
1017 425 1034 481 l

265 505 331 559 enim
345 504 462 570 deterior,
472 505 515 576 qui
527 504 626 573 accipit,
636 511 713 575 atque
725 503 758 558 ud
768 504 835 558 idem
848 521 951 574 semper
959 521 1034 575 exspe

226 581 370 636 sanandum
384 581 503 652 paratior.
538 581 598 635 Hoo
614 581 656 636 ille
668 581 736 636 filio:
754 580 800 635 sad
811 584 971 652 preoeptum
988 589 1033 651 put

265 677 321 712 mus
333 658 458 713 omnibus.
494 656 665 715 Quamobrem
677 657 704 711 id
715 655 817 727 quidem
829 675 883 710 non
895 656 1002 712 dubium
1011 674 1034 711 es

266 734 328 805 quin
339 734 382 788 illa
397 732 549 802 benignitas,
563 751 619 803 que
635 737 736 788 oonstet
748 751 781 788 ex
795 750 874 803 opera
884 737 913 788 et
924 732 1033 788 industri

266 815 292 865 et
305 809 435 864 honestior
447 809 482 863 sit
497 813 524 864 et
536 809 613 864 latius
629 813 717 880 pateat
732 813 759 865 et
776 810 857 880 possit
869 808 994 879 prodesse
1007 808 1034 879 pl

265 886 344 941 ribus.
379 885 578 956 Nonnumquam
595 890 681 941 tamen
699 889 739 941 est
756 885 930 956 ngoudum,
947 885 1034 942 neolu

266 961 432 1033 benignitatis
453 980 534 1032 genus
550 963 653 1017 ommno
670 961 853 1033 repudiandum
875 966 924 1027 est,
945 966 973 1017 et
995 980 1034 1031 sa]

265 1039 362 1092 idoneis
380 1037 524 1092 hominibus
545 1037 719 1109 indigentibus
739 1037 772 1094 de
788 1055 817 1093 re
834 1038 953 1093 familiari
972 1038 1034 1108 impr

266 1114 389 1182 tiendum,
409 1114 454 1170 sed
473 1114 608 1185 diligenter
624 1119 702 1187 atque
721 1114 859 1170 moderate.
895 1115 979 1171 Multi
994 1115 1034 1170 eni

266 1191 419 1262 patrimonia
434 1191 578 1246 effuderunt
597 1191 741 1247 ineonsrdta
755 1191 894 1264 largiendo.
929 1191 1003 1252 Quid
1017 1208 1033 1246 a

265 1271 318 1323 tam
335 1272 375 1323 est
391 1268 502 1332 stultius,
516 1285 599 1337 quam,
613 1267 681 1339 quod
698 1267 807 1324 libenter
817 1268 905 1333 facias,
919 1285 1034 1334 ourare,·

265 1346 293 1400 id
306 1345 403 1400 diutius
417 1346 499 1400 lacere
515 1362 567 1398 non
582 1344 685 1414 possis?
720 1347 806 1417 Atque
822 1344 901 1400 etiarn
917 1347 1034 1416 sequunt

265 1423 424 1492 largitionem
433 1423 535 1492 rapinae.
563 1420 652 1480 Quum
660 1420 727 1475 enim
737 1421 819 1476 dando
831 1438 907 1492 egere
918 1437 1034 1493 ooeperur

266 1498 354 1551 alienis
366 1497 438 1552 bonis
450 1515 540 1551 manus
555 1497 644 1551 afferre
657 1500 792 1568 eoguntur.
829 1498 880 1565 Ita,
892 1515 974 1568 quum
985 1497 1034 1554 ben

265 1573 383 1627 volentia
404 1571 577 1643 comparanda
597 1590 674 1628 eausa
694 1573 800 1630 benefici
819 1590 877 1629 esse
896 1573 989 1640 velint,
1009 1591 1034 1629 ru

266 1651 338 1702 tanta
368 1647 453 1703 studia
482 1655 653 1718 assequuntur
682 1667 777 1715 eorum,
802 1649 895 1720 quibus
925 1649 1034 1706 dedatur

228 1729 362 1795 55quanta
382 1725 440 1778 odia
460 1742 555 1790 eorum,
577 1724 670 1795 quibus
694 1726 851 1781 ademerunt.
887 1726 1034 1786 Quamobre

267 1820 314 1856 nec
331 1801 368 1855 ita
384 1801 524 1855 claudenda
536 1819 576 1856 res
593 1806 633 1856 est
645 1802 782 1867 familiaris,
796 1812 825 1856 ut
842 1819 897 1856 eam
914 1801 1034 1873 benignit

268 1878 364 1948 aperire
380 1895 431 1930 non
444 1878 539 1947 possit:
558 1895 605 1931 nec
622 1877 661 1932 ita
676 1878 817 1944 reseranda,
831 1882 860 1932 nt
876 1881 967 1948 pateat
982 1896 1033 1933 omr

268 1955 324 2008 bus.
361 1953 456 2009 Modus
474 1953 632 2018 adhibeatur,
645 1953 719 2025 isque
731 1955 857 2009 reseratur
872 1953 905 2008 ad
916 1954 1034 2009 facultati

269 2031 377 2085 Omnino
395 2030 539 2085 meminisse
557 2029 677 2084 debemus
694 2030 729 2095 id,
743 2031 817 2101 quod,
836 2049 852 2086 a
868 2031 965 2086 nostris
982 2031 1034 2085 bon

269 2107 343 2160 nibus
361 2107 499 2176 saepissime
514 2114 672 2176 usurpatum,
682 2109 736 2176 jam
749 2107 776 2161 in
787 2106 913 2177 proverbii
925 2112 1033 2162 oonsuet

269 2182 352 2236 dinem
365 2183 442 2248 venit,
456 2185 616 2248 morituram
624 2184 741 2249 fundum
757 2183 922 2237 malatera.
959 2183 1034 2239 Eteni

270 2258 326 2326 quis
339 2263 423 2326 potest
435 2257 525 2311 modus
542 2276 606 2324 esse,
619 2277 698 2329 quum
710 2266 737 2314 et
748 2260 823 2322 idem,
837 2260 880 2331 qui
896 2277 1034 2316 oonsuerur

269 2339 295 2386 et
307 2333 372 2385 idern
385 2332 448 2386 illud
460 2333 502 2386 alii
514 2332 677 2390 desiderent?

305 2409 378 2462 XVI.
397 2409 507 2462 Omnino
526 2409 577 2464 duo
598 2415 659 2464 sunt
675 2429 769 2479 penem
786 2413 935 2482 largorum
953 2430 1034 2484 quom

270 2486 342 2540 altori
361 2485 468 2557 prodigi,
485 2485 559 2539 alteri
576 2486 700 2542 liberales.
736 2489 854 2557 Prodiqi,
872 2489 917 2560 qui
935 2490 1019 2560 epulis

269 2560 478 2618 viscerationibus
496 2565 522 2616 et
537 2562 705 2633 gladiatorum
721 2564 876 2629 muneribus,
890 2564 1010 2621 ludorum
1023 2585 1034 2621 r

269 2640 451 2708 nationumque
467 2642 591 2706 apparatu
608 2640 728 2709 pecunias
747 2641 905 2712 profundunt
917 2642 946 2696 in
957 2661 1002 2697 eas
1014 2661 1034 2697 rr

270 2735 375 2785 quarum
388 2714 533 2769 memoriam
553 2719 597 2768 aut
609 2715 711 2770 brevem
724 2723 769 2772 aut
780 2718 875 2772 nullam
891 2720 996 2773 omnino
1012 2719 1033 2774 si

230 2804 260 2849 56
270 2791 381 2846 relicturi
394 2811 401 2855 3
418 2790 531 2844 liberales
542 2795 634 2856 autem,
649 2793 758 2863 quisuis
771 2793 935 2849 facultatibus
948 2799 994 2850 aut
1006 2813 1034 2849 oa

270 2875 311 2922 tos
328 2887 343 2922 a
360 2866 521 2938 praedonibus
532 2865 670 2936 redimunt,
683 2875 729 2926 ant
745 2889 780 2926 aes
797 2871 907 2926 ebenum
919 2872 1034 2944 susoipiu
