2575 3367
307 230 338 274 st
588 228 636 277 DE
655 228 809 279 osricus

306 337 387 391 nostri
406 337 521 406 Pompeii
538 356 645 393 munera
661 339 774 393 seeundo
792 338 944 395 consulatu:
963 339 992 395 in
1009 340 1097 413 quibus

305 413 421 467 erunibus
434 414 495 483 quid
509 414 569 469 mibi
582 414 687 484 placeat,
701 415 778 470 vides.

265 500 296 545 58
341 490 429 543 xvii.
451 490 561 545 Vitanda
581 494 668 545 tamen
688 492 799 562 suspicio
821 494 861 547 est
881 491 1006 549 aruritae.
1043 494 1096 547 Ma·

305 584 396 631 urerer»,
410 567 506 621 homini
522 566 681 632 divitissirno,
696 568 877 637 praetermissio
893 568 1026 625 aedilitatis
1043 588 1097 625 ern·

305 643 404 698 sulatus
425 644 550 713 repulsam
571 644 668 699 attulit.
704 645 791 703 Quare
815 648 849 708 et,
871 644 894 699 si
916 646 1097 715 postulatura

305 721 406 789 populo,
418 720 491 775 bonis
509 720 570 775 viris
588 721 611 775 si
628 738 680 775 non
697 720 907 785 desiderantibus,
925 728 1042 777 attamen
1058 742 1096 792 ap

305 796 478 864 probantibus,
490 797 633 852 iaciendum
645 802 693 862 est,
707 796 781 851 niodo
794 816 839 867 pro
853 797 1020 854 faedtatibns
1028 822 1036 865 ;
1055 818 1098 853 nos

305 874 354 942 ipsi
372 880 401 927 ut
415 874 535 928 seeimus:
555 880 589 939 et,
603 875 626 929 si
644 874 746 944 qnando
764 874 848 944 aliqua
865 892 906 929 res
924 875 1007 947 major
1025 884 1099 947 atque

305 950 392 1003 utilior
409 950 524 1020 populari
544 951 678 1021 largitione
697 951 852 1021 aequiritur;
871 962 901 1005 nt
913 952 1003 1007 Oresti
1021 972 1100 1023 nuper

306 1026 410 1095 prrmdiu
427 1027 454 1081 in
472 1028 570 1082 semitis
588 1027 701 1083 deeumae
719 1027 819 1082 nomine
837 1046 929 1098 magno
945 1028 1036 1085 honori
1049 1030 1100 1083 iue-

305 1108 373 1158 runt
409 1104 625 1176 Neb1.quidem
648 1104 706 1159 Seio
724 1103 787 1159 vitio
808 1103 896 1159 dutum
916 1110 965 1170 est,
985 1105 1054 1177 quod
1075 1106 1100 1161 iu

304 1183 412 1236 caritate
433 1200 539 1237 annone
562 1199 619 1236 asse
643 1180 754 1235 modium
776 1180 870 1251 populo
894 1180 981 1237 dedit:
1010 1202 1100 1255 magua

304 1260 370 1313 enim
383 1278 411 1314 se
427 1264 454 1314 et
466 1260 608 1314 inveterata
619 1258 720 1323 invidia,
734 1276 781 1312 nee
794 1258 862 1327 turpi
875 1260 988 1327 jnetura,
1001 1260 1100 1331 quando

304 1342 360 1389 erat
377 1335 465 1403 aedilis,
478 1354 524 1390 nee
540 1336 651 1390 maxima
665 1334 789 1390 liberavit.
826 1333 877 1388 Sed
892 1334 985 1391 honori
1002 1328 1100 1391 sunium

304 1429 385 1479 nuper
396 1418 485 1466 nostro
497 1412 591 1466 Miloni
602 1411 660 1477 fuit,
671 1410 739 1481 quod
751 1409 936 1481 gladiatoribus
948 1412 1044 1481 emptis
1056 1414 1100 1467 rei·

305 1486 411 1556 publiano
428 1506 512 1552 eausa,
530 1506 587 1558 quaa
604 1487 688 1543 salute
706 1494 794 1542 nostra
811 1486 1000 1553 continebatur,
1013 1507 1100 1545 omnes

304 1564 333 1617 P.
345 1563 426 1617 Clodii
439 1569 545 1618 conatus
558 1565 707 1635 furoresque
723 1564 880 1635 eompressit.
916 1564 1003 1620 Causa
1019 1566 1098 1637 igitur

263 1651 294 1698 59
304 1640 445 1709 largitionis
466 1646 513 1705 est,
532 1641 554 1695 si
578 1645 623 1696 aut
640 1659 745 1695 neeesse
765 1649 813 1705 est,
832 1646 877 1695 aut
898 1642 970 1695 utile
1008 1642 1040 1697 lu
1061 1640 1099 1697 lr's

303 1722 388 1771 autem
402 1717 463 1788 ipsis
476 1717 658 1772 mediocritatis
671 1717 760 1788 regula
771 1718 866 1786 optima
879 1721 927 1772 est.
953 1718 986 1773 L.
999 1718 1093 1789 quiden

304 1794 444 1865 Philippus,
458 1795 492 1854 Q.
501 1794 537 1860 F,
548 1811 639 1864 magno
652 1794 691 1848 vir
702 1794 804 1864 ingenio
817 1794 844 1847 in
856 1794 996 1864 primisque
1008 1794 1086 1849 elana

304 1878 406 1949 gloriari
419 1878 524 1943 solebat,
533 1896 560 1933 se
570 1878 625 1933 siue
634 1877 686 1932 ullo
696 1896 800 1932 munere
809 1876 928 1947 adeptum
939 1895 997 1932 esso
1009 1879 1076 1933 omni

304 1974 360 2025 que
369 1955 522 2011 haberentur
532 1955 693 2025 amplissima
716 1954 825 2009 Dioebat
837 1953 903 2007 idern
914 1953 1002 2019 Cotta,
1015 1954 1073 2009 Cur

305 2031 387 2086 Nobis
400 2050 500 2104 quoque
512 2032 572 2087 lieet
585 2033 611 2086 in
623 2031 672 2086 hoe
684 2030 868 2102 quodammodo
882 2029 996 2099 gloriari.
1033 2032 1065 2085 N:

304 2125 350 2177 pro
362 2108 529 2178 amplitudine
541 2108 675 2171 honorum,
685 2126 748 2178 quos
761 2107 860 2161 eunetis
873 2106 1003 2176 suffragiis
1015 2106 1058 2161 adr

303 2204 399 2249 siamus,
407 2190 496 2240 nostro
508 2186 608 2257 quidem
622 2204 697 2250 anno,
705 2184 772 2257 quod
782 2185 890 2255 contigit
898 2203 986 2240 eorum
999 2204 1051 2241 nerr

303 2278 367 2331 quos
385 2262 461 2315 modo
477 2263 612 2326 nominari,
626 2281 687 2317 sane
705 2262 813 2332 exiguus
831 2267 950 2332 sumptas
968 2262 1044 2316 redirit

264 2354 293 2396 aa.
305 2338 361 2392 suit.
390 2340 476 2408 Atque
489 2339 564 2393 etiam
579 2339 627 2393 illae
639 2340 760 2409 impensae
772 2338 896 2402 meliores,
907 2338 982 2403 muri,
997 2356 1037 2392 nar

304 2420 402 2485 portus,
418 2432 540 2485 equarum
558 2414 660 2479 duetus,
678 2416 820 2486 omniaque,
833 2434 889 2485 quae
907 2415 939 2468 ad
958 2434 1030 2469 usum

304 2491 412 2561 pulrliere
425 2492 561 2562 pertinent.
586 2492 752 2561 eramquam,
764 2489 831 2562 quod
844 2510 956 2561 praesens
969 2499 1021 2544 tarn

304 2568 331 2621 iu
340 2586 441 2622 inunum
454 2568 537 2631 datur,
544 2566 682 2638 jucundius
695 2572 749 2621 est:
769 2577 853 2621 tamen
867 2567 920 2620 inne
931 2568 956 2620 iu
971 2586 1015 2637 pos

305 2645 425 2713 gratiora.
462 2644 578 2707 Theatra,
598 2642 719 2712 porticus,
739 2660 804 2696 nora
821 2642 916 2709 templa
934 2660 1008 2696 verce

307 2720 469 2790 reprebendo,
480 2726 583 2791 propter
593 2719 757 2788 Pompeium:
775 2717 820 2771 sed
832 2717 972 2771 doctissimi
985 2738 1001 2771 n

307 2796 377 2860 bant,
387 2802 418 2849 ut
429 2802 456 2851 et
468 2798 510 2852 bie
522 2798 576 2858 ipse
586 2795 722 2858 Parietina,
733 2812 807 2865 quem
821 2794 929 2848 multum
943 2794 969 2849 in
982 2796 996 2849 b
