2575 3367
289 528 322 576 72
575 525 624 574 DE
642 526 797 576 oramus

291 637 428 709 quidquam
440 638 479 693 sol
491 637 595 694 vidisset
607 639 745 710 indignius.
774 641 841 695 Jurc
852 638 934 710 igitur
946 639 1084 710 plectimur.

291 715 349 768 Nisi
368 715 434 769 enim
452 716 590 770 multorum
608 716 773 786 impunitates
788 717 912 771 scelerum
930 717 1084 781 tulissemus,

290 811 427 862 numquam
447 792 480 847 od
497 812 576 847 unum
595 797 668 846 tanta
685 793 843 863 pervenisset
860 793 980 848 boantis:
1005 812 1085 865 aquo

293 869 394 939 quidem
406 870 443 924 rei
454 870 583 925 familiaris
596 870 628 924 ad
640 887 743 940 paucos,
756 870 925 940 cupiditatum
942 870 974 924 ad
993 871 1084 924 multos

252 951 283 998 29
292 947 420 1017 improbos
433 948 501 1001 venit
511 948 648 1002 hereditas.
684 947 742 1001 Neo
753 965 813 1001 vero
828 965 949 1017 umquam
962 946 1084 1001 bellorum

291 1023 402 1077 civilium
423 1042 509 1078 semen
527 1029 553 1079 et
571 1043 648 1079 causa
668 1024 757 1089 deerit,
776 1022 838 1078 dum
858 1023 974 1078 homines
995 1023 1085 1093 perditi

289 1099 389 1153 hastam
412 1099 480 1154 illam
504 1105 634 1155 cruentam
659 1105 686 1155 et
709 1100 869 1154 meminerint
890 1103 918 1154 et
938 1100 1084 1169 sperabunt,

290 1194 365 1245 qnam
377 1176 407 1230 P.
421 1176 491 1230 Sulla
503 1187 581 1247 quum
591 1176 724 1243 vibrasset,
737 1176 862 1231 dictatore
874 1176 1019 1246 propinquo
1031 1193 1083 1241 suo,

290 1251 356 1306 idem
369 1257 442 1307 sexto
454 1254 582 1308 tricesimo
595 1273 661 1308 anno
674 1257 732 1324 post
745 1271 761 1307 a
776 1251 937 1308 sceleratiore
949 1252 1025 1307 hasta
1036 1270 1085 1307 non

290 1330 403 1383 recessit.
440 1330 514 1384 Alter
531 1334 624 1395 autem,
638 1331 683 1401 qui
698 1330 726 1384 in
742 1329 786 1384 illa
801 1329 930 1384 dictatura
947 1329 1033 1384 scriba
1047 1329 1085 1383 tu·

291 1410 353 1471 erat,
366 1407 393 1461 in
408 1406 455 1462 hac
474 1407 523 1461 luit
542 1410 654 1478 quaestor
670 1408 792 1461 urbanus.
823 1408 864 1460 Ex
883 1424 935 1476 quo
953 1406 1031 1461 debet
1047 1406 1084 1461 in·

290 1483 377 1554 telligi,
400 1483 493 1539 talibus
514 1484 622 1555 praemiis
644 1484 788 1554 propositis,
806 1500 946 1552 numquam
965 1482 1084 1538 defutura

290 1560 355 1614 bella
366 1561 455 1615 civilia.
493 1562 584 1631 Itaque
596 1560 705 1630 parietes
722 1559 797 1614 modo
813 1558 893 1614 Urbis
908 1564 979 1614 stant
996 1565 1023 1615 ct
1035 1578 1085 1615 ma·

290 1642 360 1701 nent,
379 1639 446 1707 iique
465 1638 514 1707 ipsi
532 1638 584 1708 jam
606 1643 720 1691 extrema
737 1636 832 1691 scelera
849 1640 1012 1703 metuentes;
1033 1654 1083 1691 rem

291 1732 350 1766 vero
362 1714 488 1782 publicam
503 1714 604 1783 penitus
622 1714 760 1768 amisimus.
796 1715 883 1784 Atque
898 1712 927 1766 in
942 1713 989 1768 has
1002 1713 1084 1768 clades

292 1789 431 1856 incidimus,
451 1789 618 1858 (redeundum
637 1794 677 1844 est
694 1790 767 1844 enim·
780 1788 811 1843 ad
829 1789 1011 1860 propositum)
1025 1790 1082 1845 dum

290 1865 377 1930 metui,
392 1884 466 1936 quarn
478 1865 530 1921 cari
542 1884 597 1920 csse
606 1870 633 1920 et
645 1866 717 1936 diligi
726 1865 858 1920 malumus.
883 1866 950 1924 Qua
959 1866 983 1921 si
992 1867 1084 1937 populo

291 1941 407 2005 Romano
421 1941 516 2013 injusto
532 1942 668 2012 imperanti
680 1941 792 1996 accidere
807 1946 954 2012 potuerunt,
968 1943 1030 2012 quid
1043 1942 1084 1997 de·

291 2017 352 2073 beot
365 2023 454 2089 putare
472 2019 584 2090 singuli?
621 2019 699 2078 Quod
715 2037 792 2089 quum
809 2018 970 2088 perspicuum
988 2021 1031 2086 sit,
1043 2020 1084 2074 be-

290 2096 439 2151 nevolentiae
456 2096 578 2151 rimasse
595 2114 721 2166 magnam,
732 2100 816 2149 metus
833 2094 992 2160 imbecillam,
1003 2097 1084 2166 sequi-

290 2178 340 2238 tur,
354 2180 384 2228 ut
396 2173 556 2237 disseramus,
567 2172 659 2244 quibus
667 2171 742 2226 rebus
754 2171 871 2226 facillime
881 2172 1007 2241 possimus
1020 2191 1082 2238 eam,

291 2271 366 2321 quam
384 2253 508 2317 volumus,
527 2251 631 2321 adipisci
649 2269 706 2305 cum
724 2250 820 2304 honore
838 2254 864 2304 et
880 2250 929 2304 fide
944 2251 1084 2306 caritatem.

251 2344 281 2389 30
292 2329 341 2382 Sed
356 2347 386 2382 ea
398 2347 449 2383 non
461 2329 555 2399 pariter
568 2346 655 2382 omnes
673 2345 786 2397 egemus.
822 2327 891 2380 Nam
908 2325 941 2380 ad
959 2331 1083 2398 cujusquo

290 2405 368 2457 vitam
380 2405 524 2459 institutam
541 2402 779 2459 accommodandum
792 2407 840 2467 est,
853 2421 868 2456 a
885 2402 1007 2457 multisne
1019 2422 1083 2474 opus

289 2480 331 2544 sit,
345 2498 377 2533 an
390 2480 451 2534 satis
463 2481 526 2534 sita
541 2480 627 2550 paucis
644 2479 722 2550 diligi.
758 2481 861 2533 Certum
877 2479 958 2549 igitur
975 2479 1024 2534 hoc
1040 2481 1081 2544 sit,

289 2556 365 2625 idque
377 2561 404 2610 et
417 2556 524 2626 primum
541 2561 567 2611 et
579 2557 688 2611 manime
703 2556 880 2616 necessarium,
897 2555 1082 2611 familiaritates

289 2632 381 2686 habero
397 2632 460 2687 fidus
474 2633 612 2688 amantium
629 2651 676 2687 nos
693 2633 829 2686 amioorum
844 2636 871 2686 et
887 2637 975 2687 nostra
990 2634 1083 2687 miran-

289 2709 361 2763 tium.
398 2710 463 2764 Haec
475 2709 541 2764 enim
554 2713 594 2763 est
609 2728 662 2763 una
672 2727 713 2762 res
727 2727 838 2777 prorsus,
856 2713 886 2762 nt
903 2727 955 2762 non
972 2709 1081 2764 multum

289 2786 389 2840 dillcrat
400 2787 467 2840 inter
479 2805 590 2841 summos
603 2790 629 2840 et
642 2784 779 2840 mediocres
793 2786 867 2849 viros,
877 2803 957 2856 eaque
966 2786 1083 2857 utrisque

250 2875 278 2919 31
289 2867 328 2917 est
341 2863 522 2932 propemodum
534 2861 708 2932 comparanda.
744 2861 851 2916 Honore
862 2865 889 2916 et
905 2861 986 2932 gloria
997 2867 1025 2918 et
1043 2863 1083 2918 be·

288 2944 432 2998 nevolentia
448 2944 542 2998 civium
559 2945 668 2997 tomaase
678 2960 730 2996 non
745 2960 816 3012 oeqne
834 2959 921 2996 omnes
938 2947 1024 3013 egent,
1037 2943 1083 2999 scd

289 3023 374 3074 tamon
386 3020 408 3074 si
420 3020 462 3075 eui
472 3020 527 3075 hmo
539 3021 687 3089 suppetunt,
699 3017 821 3087 adjuvant
833 3019 991 3090 aliquantum
1002 3039 1082 3091 quum

289 3094 321 3148 ad
333 3099 424 3151 cetera
437 3100 493 3154 tum
505 3096 537 3150 ad
548 3093 672 3150 amicitias
684 3095 872 3166 comparandas.
