2575 3367
396 322 445 369 DE
464 323 682 370 SENEOTUTE.
712 324 785 372 CAP.
804 327 843 374 20.
987 329 1018 376 29

226 432 353 502 significat
369 433 532 504 ostenditque
543 434 643 489 fructus
658 435 773 490 laturos:
792 435 889 506 reliqua
904 439 1019 507 tempora

226 509 383 563 demetendis
396 509 521 564 fructibus
534 515 561 564 et
573 511 740 581 percipiendis
750 512 938 567 accommodate
949 517 1017 568 sunt.

227 586 339 639 Fructus
357 590 442 639 autem
460 587 599 641 senectutis
616 593 664 652 est,
677 590 707 641 ut
724 605 791 657 saepe
809 586 868 652 dixi,
885 592 945 643 unte
962 598 1057 658 par-71

227 666 311 716 torum
330 661 454 716 bonorum
471 663 592 716 memoria
609 668 636 718 et
654 663 734 734 copia.
770 664 862 718 Omnia
878 682 946 729 vero,
963 684 1019 735 quae

226 737 365 792 secundum
378 742 494 792 naturam
507 739 580 802 fiunt,
594 743 655 794 sunt
667 739 783 794 habenda
796 740 823 794 in
835 740 915 794 bonis.
952 740 1019 806 Quid

226 819 267 868 est
277 818 363 868 autem
372 818 425 868 tam
437 814 574 868 secundum
585 820 710 880 naturam,
721 833 796 885 quam
806 815 908 870 senibus
920 816 1018 870 emoril

227 889 303 954 Quod
320 889 387 944 idem
404 890 530 961 contingit
548 891 751 946 adolescentibus
769 892 918 947 adversante
936 896 962 946 et
980 910 1020 946 rc·

227 970 358 1036 pugnante
377 970 477 1021 natura.
514 968 605 1038 Itaque
626 967 798 1022 adolescentes
819 968 884 1023 mori
903 968 940 1023 sic
957 967 1020 1022 mihi

228 1041 354 1106 videntur,
367 1045 397 1096 ut
410 1061 487 1113 quum
504 1060 575 1114 aquae
593 1043 757 1098 multitudine
769 1044 807 1098 vis
819 1045 925 1099 flamme
936 1043 1019 1114 oppri-

228 1118 322 1184 mitur3
341 1136 414 1172 senes
429 1123 522 1183 autem,
536 1120 602 1173 sicut
619 1138 666 1174 sua
682 1125 773 1189 sponte
789 1120 857 1174 nulla
870 1119 983 1174 adhibita
993 1119 1019 1173 vi

227 1199 394 1264 consumptus
406 1194 472 1265 ignis
485 1195 674 1266 exstinguitur:
692 1201 726 1262 et,
737 1196 808 1267 quasi
820 1214 894 1266 poma
902 1214 935 1250 ex
947 1195 1019 1250 arbo·

226 1270 306 1334 ribus,
319 1269 342 1324 si
358 1271 436 1325 cruda
449 1275 518 1335 sunt,
530 1271 557 1326 vi
568 1271 712 1325 avelluntur
719 1293 727 1338 ;
745 1272 768 1326 si
784 1276 884 1327 matura
897 1275 923 1325 et
939 1278 1019 1337 cocta,

227 1346 363 1401 decidunt:
382 1346 419 1401 sic
436 1347 514 1401 vitam
533 1347 734 1402 adolescentibus
751 1347 790 1402 vis
808 1347 899 1412 aufert,
917 1346 1019 1400 senibus

226 1422 378 1488 maturitas;
396 1441 452 1493 quae
468 1422 528 1477 mihi
541 1424 643 1494 quidem
659 1427 712 1477 tam
728 1423 840 1493 jucunda
856 1426 904 1487 est,
917 1429 954 1486 ut,
968 1440 1019 1492 quo

226 1497 333 1568 propius
345 1498 377 1552 ad
389 1503 496 1553 mortem
510 1499 634 1565 accedam,
648 1499 720 1570 quasi
732 1509 824 1554 tenram
837 1498 923 1554 videre
934 1499 1020 1553 videar

228 1574 414 1646 aliquandoque
427 1576 453 1630 in
466 1579 567 1645 portum
580 1594 611 1630 ex
628 1576 706 1647 longa
716 1575 877 1645 navigatione
891 1593 947 1630 esse
959 1593 1019 1630 ven·

227 1651 312 1706 turus.

264 1727 323 1781 XX.
342 1725 459 1782 Omnium
480 1732 584 1784 actatum
605 1732 691 1783 certus
711 1732 751 1783 est
769 1727 908 1794 terminns3
932 1746 1018 1783 senec·
1027 1738 1059 1790 72

227 1803 294 1857 tutis
312 1807 396 1857 autem
415 1803 499 1859 nullus
517 1809 602 1860 certus
626 1807 666 1858 est
690 1803 831 1869 terminus;
854 1808 973 1873 recteque
990 1805 1018 1859 in

227 1897 259 1933 ea
270 1879 372 1943 vivitur,
386 1879 470 1949 quoad
485 1898 577 1935 munus
593 1879 668 1934 officii
683 1879 787 1949 exsequi
802 1884 829 1934 et
844 1879 912 1934 tueri
927 1879 1017 1949 possis,

228 1959 255 2010 et
271 1959 358 2009 tamen
375 1961 481 2009 mortem
499 1961 667 2012 contemnere.
703 1955 744 2010 Ex
762 1973 812 2025 quo
828 1955 865 2022 fit,
877 1957 907 2008 ut
923 1954 1018 2009 animo·

228 2032 279 2085 sior
297 2031 372 2085 etiam
392 2038 509 2087 senectus
528 2033 569 2097 sit,
587 2050 663 2102 quam
680 2030 855 2094 adolescentia,
874 2035 900 2084 et
918 2030 1017 2085 fortior.

227 2108 288 2161 Hoc
309 2106 370 2160 illud
391 2113 438 2171 est,
460 2107 528 2178 quod
548 2108 683 2162 Pisistrato
703 2111 811 2177 tyranno
831 2124 848 2160 a
868 2105 958 2160 Solone
979 2126 1018 2162 re-

227 2201 348 2254 sponsum
362 2187 408 2247 est,
423 2202 500 2253 quum
515 2183 551 2238 illi
563 2183 694 2254 querenti,
706 2201 757 2253 qua
770 2182 873 2236 tandm
884 2186 1020 2253 spcsretua

226 2259 280 2313 eibi
291 2269 345 2312 tam
357 2259 491 2312 audaciter
503 2259 634 2320 obsisteret,
648 2257 807 2328 respondisse
819 2258 919 2323 dicitur,
930 2260 1019 2313 Senec-

227 2344 287 2389 tute.
326 2334 376 2388 Sed
399 2334 500 2388 vivendi
523 2338 563 2388 est
587 2335 644 2389 finis
668 2335 788 2405 optimus,
808 2353 893 2405 quum,
918 2335 1019 2406 integra

227 2415 314 2466 mente
326 2411 466 2480 ceterisque
483 2410 605 2477 sensibus,
617 2429 682 2480 opus
698 2412 753 2482 ipsa
768 2429 842 2465 suum
854 2411 949 2475 eadem,
963 2429 1019 2482 quae

226 2487 423 2557 coagmentavit,
435 2494 527 2541 natura
538 2486 661 2542 dissolvit.
686 2488 725 2542 Ut
737 2505 834 2551 navem,
844 2491 874 2540 ut
886 2487 1019 2540 aedificium

226 2564 293 2618 ldem
317 2563 426 2617 destruit
443 2563 568 2627 facillime,
587 2564 631 2633 qui
652 2563 810 2627 construxit;
835 2562 872 2616 sic
893 2563 1017 2615 hominem

227 2640 316 2696 eadem
328 2639 430 2709 optime,
441 2657 498 2709 quae
510 2639 701 2709 conglutinavit,
711 2645 803 2692 natura
812 2636 933 2691 dissolvit.
958 2638 1020 2690 lam

226 2716 310 2771 omnis
322 2714 506 2786 conglutinatio
519 2733 605 2769 recens
618 2733 692 2785 aegre,
705 2715 846 2768 inveterate
857 2711 930 2767 facile
942 2711 1020 2766 divel-

227 2793 297 2848 litur.
334 2791 377 2844 Ita
395 2791 432 2858 fit,
444 2795 473 2845 ut
492 2790 553 2844 illud
571 2790 647 2846 breve
664 2791 723 2845 vitae
740 2789 863 2859 reliquum
883 2805 930 2842 nec
947 2786 1020 2841 avide

227 2866 397 2939 appetendum
417 2866 526 2930 senibus,
549 2883 595 2921 nec
615 2866 670 2920 sine
687 2883 764 2920 causa
781 2863 946 2918 deserendum
968 2864 1018 2917 sit:
