2575 3367
268 316 314 363 104
553 314 603 362 DE
620 312 809 362 OFFICIIS

265 427 371 481 liorem?
407 424 505 496 Populo
521 424 622 495 quidem
640 424 757 478 Βοιιιιιιο
773 440 826 478 non
843 421 954 489 ridetur,
972 424 1017 493 qui
1029 441 1061 481 ex

265 503 382 558 omnibus
394 501 520 572 praeclaris
536 500 610 555 iactis
625 500 689 555 illud
707 499 904 570 pulcherrimum
922 500 1060 556 existimat.

265 580 335 634 Vicit
347 597 409 649 ergo
420 582 451 633 ιιι
439 579 518 632 tilitas
530 576 710 633 honestatem?
735 577 818 631 Immo
826 593 887 632 vcro
898 575 1060 633 honestatem

265 656 363 711 utilitas
375 658 496 710 eonsecut
497 672 512 708 a
484 657 571 708 t.est

301 734 400 802 Itaque,
421 734 451 785 ut
471 731 526 784 sino
546 728 599 783 ullo
619 746 705 784 errore
723 698 863 800 dijudicare
883 728 1019 798 possimus,
1036 727 1060 784 si

265 808 365 878 quando
384 824 441 860 cum
458 804 510 870 illo,
523 804 592 875 quod
606 805 739 859 domm
755 803 930 875 intelligimus,
946 822 1060 875 pugnare

264 888 291 942 id
308 887 443 951 ridebitur,
462 887 531 957 quod
548 885 704 957 appellamus
722 885 794 951 ιιιιῖι,
813 885 924 939 formula
943 885 1060 955 quasdam

264 969 442 1023 constituenda
459 972 514 1023 cst:
540 986 616 1038 quam
634 967 657 1021 si
674 984 810 1037 sequemur
826 966 854 1021 in
870 967 1060 1037 compactione

227 1059 356 1110 torcium,
383 1044 414 1100 ab
435 1045 516 1099 officio
536 1061 673 1114 numquam
693 1042 848 1098 recedemus.
892 1042 951 1097 Erit
973 1046 1059 1098 autem

265 1122 318 1176 haec
332 1121 447 1176 ⁸formula
467 1120 609 1176 Stoicorum
629 1119 723 1174 rationi
743 1118 931 1189 disciplinaque
949 1120 1060 1174 maxime

264 1201 446 1253 consentanea:
472 1215 548 1268 quam
563 1195 666 1266 quidem
682 1195 723 1250 bis
740 1195 810 1250 libris
826 1200 961 1266 propterea
977 1196 1060 1266 seqni-

264 1293 329 1342 mur,
345 1273 420 1346 quod,
433 1290 584 1346 quemquem
601 1275 629 1327 et
645 1272 807 1327 auctoribus
822 1269 981 1327 Academicis
999 1276 1027 1327 et
1043 1288 1060 1327 a

265 1352 441 1422 Peripateticis
461 1349 561 1414 vestris,
583 1348 628 1420 qui
648 1347 775 1419 quondum
795 1346 871 1403 iidem
894 1351 977 1413 mant,
1002 1366 1060 1419 pua

264 1429 368 1482 homesta
388 1437 457 1490 auru,
475 1434 672 1496 auepocumcr
691 1426 736 1493 iis,
753 1442 810 1495 quc
825 1424 951 1478 uidemur
968 1425 1058 1489 ιιιιΊὰι,

265 1506 350 1557 tamen
362 1502 516 1573 splendidius
528 1501 582 1556 haec
593 1500 625 1556 ab
637 1501 674 1556 eis
689 1501 855 1570 disseruntur,
867 1499 969 1571 quibus,
982 1500 1061 1571 quid·

265 1578 331 1648 quid
344 1578 478 1631 tooectum
494 1587 535 1642 eet,
548 1577 617 1631 idem
634 1578 699 1632 utile
711 1578 823 1644 videtur,
839 1594 884 1630 aec
900 1577 967 1631 utile
981 1577 1060 1648 quid-

265 1670 352 1720 pocm,
368 1653 438 1722 quod
454 1670 509 1706 noe
526 1653 680 1706 domama:
700 1671 775 1724 quam
793 1651 826 1708 ab
843 1652 881 1717 iis,
901 1651 996 1723 quibus
1013 1656 1059 1708 aut

267 1728 401 1782 honestum
417 1728 511 1799 aliquid
531 1746 582 1782 non
601 1728 674 1797 utile,
691 1735 738 1785 aut
757 1729 820 1784 utile
841 1746 892 1783 non
913 1728 1059 1784 honestum.

267 1805 349 1860 Nobis
367 1808 452 1859 cutem
469 1808 557 1859 nostra
574 1803 711 1860 Academia
727 1823 844 1876 magnum
861 1804 991 1860 licentiam
1007 1805 1059 1871 dat,

267 1884 304 1946 ut,
323 1882 498 1953 quodcmnque
515 1881 623 1934 maxime
641 1880 770 1951 probabile
787 1884 912 1946 occurrat,
928 1881 956 1936 id
970 1886 1060 1938 nosco

265 1959 322 2029 jure
333 1958 408 2014 liceat
420 1956 561 2012 defendere.
596 1956 648 2012 Sed
658 1956 735 2012 redeo
746 1957 778 2012 ad
789 1957 931 2013 formulam

228 2044 256 2089 21
301 2035 334 2088 V.
353 2034 494 2090 Detrahere
505 2033 586 2104 igitur
597 2032 693 2104 aliquid
704 2033 785 2099 alteri,
798 2036 826 2088 et
839 2034 969 2088 hominem
980 2034 1059 2089 homi-

267 2112 306 2165 nis
319 2111 475 2166 incommodo
487 2128 561 2164 suum
574 2127 668 2180 augere
679 2109 845 2175 commodum,
853 2110 935 2181 magis
947 2116 990 2165 est
1000 2128 1059 2165 cors·

265 2197 308 2240 tro
320 2197 454 2251 umorum,
466 2204 541 2256 quum
553 2203 628 2253 mors,
641 2204 716 2257 quam
732 2189 875 2257 paupertas,
889 2204 966 2256 quam
979 2185 1057 2251 dolor,

266 2280 339 2332 quam
352 2267 444 2328 cetera,
453 2280 508 2332 quae
518 2265 625 2332 possunt
637 2266 683 2316 aut
694 2263 792 2332 corpori
802 2261 915 2317 accidere
927 2266 974 2317 ant
983 2262 1058 2318 rebus

265 2337 383 2391 externis.
419 2337 486 2391 Nam
499 2337 622 2407 principio
634 2338 702 2392 tollit
718 2338 863 2392 convictum
879 2337 1021 2394 humanum
1032 2342 1059 2393 et

266 2414 420 2468 societatem.
446 2413 474 2465 Si
486 2413 552 2466 enim
564 2413 601 2468 sic
613 2414 706 2468 erimus
718 2414 810 2478 affecti,
823 2418 853 2468 ut
866 2419 972 2484 propter
984 2433 1058 2470 suum

266 2491 372 2562 quisque
390 2488 585 2543 emolumentum
602 2489 693 2559 spoliet
710 2494 755 2544 aut
773 2489 851 2545 violet
868 2489 988 2556 altorum,
1007 2491 1058 2546 dia·

265 2568 347 2638 rumpi
360 2582 462 2621 necesse
477 2568 517 2619 est
533 2582 666 2637 eamque
681 2565 790 2620 maxime
806 2569 846 2620 est
860 2565 1005 2622 secundum
1016 2584 1058 2621 na·

227 2649 357 2708 laturam,
370 2641 473 2697 humani
484 2640 584 2711 generis
601 2642 756 2697 societatem.
793 2644 837 2707 Ut,
857 2642 880 2696 si
897 2642 1058 2715 unumquod-

265 2740 314 2791 que
329 2719 467 2774 membrum
484 2735 586 2771 seusum
602 2719 671 2772 bunc
687 2717 799 2782 haberet,
812 2722 843 2772 ut
861 2735 936 2787 posse
955 2725 1057 2789 putaret

264 2816 292 2851 se
305 2797 393 2861 valere,
407 2797 429 2850 si
445 2793 551 2866 proximi
566 2792 673 2848 membri
688 2794 858 2849 valetudinem
870 2794 902 2848 ad
914 2813 943 2849 se
954 2796 1057 2851 tradux·

264 2874 334 2943 isset,
346 2872 473 2930 debilitari
484 2874 511 2926 et
522 2870 626 2927 interire
638 2873 723 2927 totum
740 2889 833 2943 corpus
850 2888 955 2928 necessa
973 2877 1055 2930 esset:
