2575 3367
412 310 460 358 DE
478 310 656 358 AMICITIA.
684 311 757 358 CAP.
778 309 814 359 17.
986 313 1017 359 aa

225 424 301 492 enim,
319 427 444 496 quatenus
463 426 579 481 amicitie
597 425 652 480 dari
669 425 743 480 venia
759 423 847 494 possit.
883 423 940 478 Nec
957 441 1018 479 vero

225 501 376 572 negligenda
393 505 433 556 est
450 501 533 568 fama3
559 518 606 556 nec
624 501 749 556 mediocre
767 499 846 554 telum
865 501 955 555 adres
973 519 1018 572 ge·

225 577 316 632 reudas
329 577 472 632 existimare
484 580 586 647 oportet
598 576 799 633 benevolentiam
812 575 919 631 civium:
941 595 1017 648 quam

225 653 354 709 blanditiis
375 657 401 707 et
422 653 574 708 assentando
596 653 714 724 colligere
734 656 810 723 turpe
831 655 880 707 est.
916 652 1015 718 Virtus,

225 747 300 801 quam
313 729 429 800 sequitur
441 733 540 795 caritas,
554 729 657 784 minime
669 728 824 799 repudianda
835 731 882 783 est.

261 804 311 859 Sed
329 823 395 876 sape
413 806 518 874 (etenim
534 804 610 860 redeo
628 805 661 860 ad
678 804 828 875 Scipionem,
845 807 919 875 cujus
935 805 1056 862 omuistz

224 899 307 935 nermo
325 885 380 936 erat
398 881 430 936 de
448 881 570 950 amicitia)
589 881 750 953 querebatur,
770 880 837 953 quod
855 881 971 936 omuibus
989 882 1016 937 in

224 957 301 1012 rebus
313 957 426 1012 homines
439 956 612 1028 diligentiores
625 961 725 1013 essent:
745 975 833 1028 capras
845 961 872 1012 et
884 975 943 1012 oves
953 962 1015 1029 quot

225 1032 332 1103 quisque
352 1032 464 1096 haberet,
486 1032 569 1088 dicere
590 1051 681 1103 posse:
705 1034 798 1088 amicos
819 1037 882 1104 quot
902 1033 1014 1100 baberet,

223 1126 275 1163 non
292 1126 365 1180 posse
382 1109 480 1164 dicere!
500 1112 527 1164 et
541 1109 568 1163 in
584 1109 633 1164 illis
647 1109 746 1179 quidem
764 1109 881 1181 parandis
897 1109 1016 1165 adhibere

224 1203 319 1252 curam,
331 1186 358 1239 in
374 1185 460 1240 amicis
477 1184 599 1256 eligendis
615 1185 773 1256 negligentes
789 1202 845 1240 esse
860 1204 907 1240 nec
922 1186 1015 1242 habere

224 1261 297 1328 quasi
315 1261 387 1331 signa
404 1261 517 1333 quaedam
534 1264 561 1316 et
576 1265 659 1325 notas,
675 1261 766 1332 quibus
783 1278 834 1326 eoa,
847 1262 891 1332 qui
906 1261 938 1315 ad
954 1263 1016 1316 ami·

224 1337 310 1392 citiam
328 1341 412 1391 essent
430 1337 521 1405 idonei,
536 1336 689 1408 judicarent.
724 1337 791 1391 Sunt
808 1337 888 1407 igitur
905 1337 969 1392 firmi
987 1342 1014 1393 et

224 1412 327 1468 stabiles
340 1416 366 1466 et
378 1418 524 1468 constantes
534 1412 642 1483 eligendi
651 1435 659 1479 ;
667 1441 669 1443 ·
677 1417 751 1484 cujus
760 1412 859 1483 generis
872 1416 911 1467 est
923 1431 1015 1484 magna

224 1489 344 1559 penuria:
369 1492 395 1543 et
409 1488 523 1561 judicare
539 1489 638 1544 difficile
656 1492 696 1544 est
714 1507 781 1553 saue,
798 1489 848 1543 nisi
866 1493 1012 1559 expertum3

224 1563 402 1635 experiendum
415 1568 454 1619 est
466 1569 550 1620 autem
562 1565 590 1619 in
601 1567 658 1635 ipsa
669 1565 787 1621 amicitia.
824 1565 867 1620 Ita
882 1571 1014 1637 precurrit

224 1640 334 1694 amicitia
342 1639 473 1710 judicium,
485 1640 603 1712 tollitque
615 1641 760 1711 experiendi
773 1645 934 1711 potestatem.
964 1643 1013 1698 nst
1022 1650 1054 1697 68

223 1717 304 1786 igitur
328 1715 460 1786 prudentis
483 1716 617 1784 sustinere,
640 1721 671 1771 ut
695 1735 805 1785 currum,
829 1718 866 1773 sic
890 1720 1012 1789 impetum

223 1791 412 1857 benevolentiae,
437 1809 488 1862 quo
511 1796 621 1856 utamur,
648 1793 720 1863 quasi
743 1793 814 1863 equis
838 1794 952 1859 tentatis,
976 1795 1013 1850 sic

224 1867 340 1922 amicitiis
362 1867 445 1938 aliqua
465 1871 537 1938 parte
561 1867 710 1937 periclitatis
734 1869 845 1923 moribus
869 1869 1013 1924 amicorum.

224 1943 335 2002 Quidam
356 1962 422 2015 saepe
445 1943 472 1997 in
493 1961 571 2013 parva
594 1944 701 2014 pecunia
721 1945 915 2014 perspiciuntur,
938 1964 1012 2016 quam

224 2022 275 2074 siut
296 2020 380 2086 leves3
405 2019 513 2090 quidam,
536 2036 599 2089 quos
623 2037 701 2088 parva
721 2038 821 2075 movere
844 2039 897 2075 nou
919 2023 1011 2092 potuit,

223 2101 412 2166 cognoscuntur
423 2095 450 2149 in
462 2113 559 2166 magna
597 2095 641 2149 Sin
653 2113 714 2149 vero
726 2099 801 2151 erunt
818 2095 895 2168 aliqui
910 2099 1012 2168 reperti,

223 2173 268 2242 qui
286 2172 417 2242 pecuniam
436 2172 554 2242 praelerre
572 2172 689 2227 amicitiae
705 2171 835 2226 sordidum
851 2172 1012 2239 existiment3

222 2247 267 2302 ubi
284 2266 327 2303 eoa
343 2249 508 2312 inveniemus,
522 2248 566 2318 qui
581 2247 698 2314 honores,
710 2248 883 2320 magistratus,
900 2248 1011 2319 imperia,

222 2328 371 2394 potestates,
385 2342 446 2394 opes
463 2324 578 2379 amicitie
594 2342 645 2378 non
665 2329 827 2397 anteponant,
840 2331 878 2394 ut,
891 2343 969 2395 quum
981 2341 1013 2379 ex

223 2401 303 2455 altera
319 2405 391 2469 parte
408 2400 537 2470 proposita
553 2401 607 2456 haec
624 2401 683 2466 siut,
697 2419 729 2456 ex
741 2401 820 2457 altera
828 2403 871 2473 jus
888 2401 1011 2465 amicitia,

223 2495 274 2532 nou
290 2477 371 2531 multo
388 2476 430 2531 illa
446 2476 554 2530 malint?
585 2477 715 2532 imbecilla
730 2482 770 2533 est
788 2479 853 2532 enim
872 2482 963 2531 natura
980 2475 1012 2530 ad

223 2551 431 2607 contemnendam
445 2552 599 2622 potentiam:
619 2572 694 2624 quam
704 2555 780 2608 etiam
792 2554 814 2607 si
825 2553 941 2623 neglecta
953 2553 1012 2607 ami-

223 2628 284 2683 citia
302 2628 433 2682 consecuti
453 2630 521 2692 eunt,
541 2628 704 2683 obscuratum
724 2629 756 2683 iri
773 2627 936 2694 arbitrantur,
954 2629 1012 2699 quia

223 2722 274 2757 nou
295 2703 349 2757 sine
371 2721 462 2774 niagna
478 2721 554 2757 causa
576 2705 610 2758 sit
631 2704 747 2775 neglecta
767 2704 884 2758 amicitia
920 2704 1053 2775 ltaque64

224 2798 290 2834 verse
315 2779 432 2833 amicitiae
456 2779 599 2834 difficillime
622 2781 785 2852 reperiuntur
807 2780 834 2833 iu
857 2780 896 2844 iis,
919 2781 960 2851 qui
985 2781 1013 2835 in

223 2855 361 2914 honoribus
382 2873 459 2926 reque
480 2855 579 2926 publica
598 2860 740 2911 versantur·
776 2855 830 2911 Ubi
849 2857 916 2911 enim
934 2857 1018 2910 istum
