2575 3367
422 341 488 390 LIB.
509 342 544 392 11.
566 343 640 391 CAP.
658 346 680 394 9.
795 381 799 390 .
917 344 949 394 73

198 456 231 510 X.
253 455 303 509 Sed
316 453 347 508 de
360 454 470 508 arnicitia
482 455 531 509 elio
543 454 608 509 libro
627 455 724 509 dictum
737 457 784 519 est,
799 455 842 526 qui
860 456 949 510 inscri-

198 552 217 586 ιτ
230 533 337 586 Lectius.
374 531 450 585 Nunc
463 532 576 586 dicemus
589 533 619 584 de
628 533 734 600 pluria:
753 550 903 602 quamquam
916 551 946 586 ea

199 627 250 680 que
269 608 301 662 de
321 627 349 661 re
369 607 419 662 duo
438 612 499 661 suut
518 608 600 661 nostri
620 608 694 673 libri;
719 608 765 662 sed
783 608 946 677 attingemus,

197 685 350 755 ndoquidem
363 703 393 739 ee
405 684 430 738 in
443 684 520 739 rebus
532 684 672 755 majoribus
684 684 890 739 administrandis
903 685 947 738 ad·

198 762 376 833 utplurimum.

198 844 290 892 tumme
309 838 389 908 igitur
409 841 436 892 et
455 838 568 907 perfecta
583 838 672 906 pluria
692 840 793 892 constet
811 855 843 891 ex
861 836 943 890 tribus

198 939 201 970 :
220 916 247 968 si
257 915 350 984 ditique
365 914 505 968 multitudo
514 937 525 976 ;
545 914 656 983 rifidem
673 913 764 976 tutem
782 915 808 966 ri
822 931 882 966 cum
898 913 945 966 ad-

198 991 289 1046 utinm
300 991 415 1061 quaedum
429 991 525 1044 tunore
539 991 634 1059 <tiques
647 999 731 1060 putat.
768 992 793 1042 H
798 1008 833 1044 aec
851 996 945 1054 autem,

198 1071 226 1122 st
244 1067 392 1136 simpliciter
408 1067 569 1137 breviterque
589 1065 732 1131 dicendum,
756 1066 849 1136 quibus
867 1067 944 1121 rcbus

198 1146 283 1197 [untur
299 1161 315 1196 e
331 1143 447 1213 singulis,
465 1142 558 1197 eisdem
581 1143 633 1196 fere
652 1161 668 1196 a
684 1142 856 1197 multitudine.
893 1145 944 1198 Sed

198 1219 263 1274 nlius
277 1238 376 1290 quoque
388 1219 489 1290 quidem
501 1220 593 1273 aditus
604 1219 641 1272 ad
651 1220 857 1282 multitudiroem,
870 1230 900 1273 ut
912 1223 944 1273 iu

198 1301 332 1350 ceruorum
343 1298 447 1349 animos
459 1307 593 1367 tamquam
606 1297 719 1365 influere
729 1297 866 1365 posumus.
903 1298 943 1350 Ac
953 1307 984 1351 32

198 1392 256 1427 uum
270 1373 301 1427 de
315 1373 362 1427 illis
374 1373 465 1438 tribus,
479 1391 535 1443 quae
548 1377 607 1426 ante
620 1371 674 1425 dixi
689 1372 868 1425 benevolentius
880 1392 943 1443 prm-

198 1466 228 1515 ια,
242 1449 386 1504 videamus:
406 1468 463 1520 quae
480 1449 579 1520 quidem
597 1449 726 1504 beneficiis
744 1449 845 1519 capitur
864 1452 943 1505 maxi·

198 1551 202 1581 :
230 1527 341 1581 secundo
362 1535 447 1580 eutem
466 1526 522 1580 loco
543 1526 676 1581 voluntate
700 1526 812 1580 benefice
832 1527 942 1583 benevo-

198 1603 224 1657 ie
241 1611 365 1668 movetur,
385 1604 459 1658 etiam
479 1603 501 1657 si
520 1622 559 1657 res
579 1604 645 1658 sorte
663 1621 715 1657 non
732 1604 854 1675 suppetit.
890 1606 941 1661 Ve-

198 1685 278 1734 renter
298 1685 383 1734 autem
405 1699 476 1734 emor
496 1680 668 1736 multitudinis
688 1686 862 1736 commovetur
884 1683 940 1753 ipsa

198 1775 212 1811 e
232 1762 259 1811 et
283 1756 401 1826 opinione
421 1757 587 1824 liberalitatis,
611 1758 800 1822 beneficientie,
822 1759 937 1828 justitie,

198 1835 210 1899 i,
233 1835 396 1903 omniumque
416 1851 502 1887 earum
525 1834 657 1899 virtutum,
679 1853 737 1905 quae
757 1836 885 1903 pertinent
906 1836 938 1890 ud

198 1910 363 1965 suetudinem
384 1928 482 1964 morum
504 1928 533 1965 ac
554 1910 709 1966 facilitatem.
751 1912 853 1966 Etenim
875 1912 938 1967 illud

198 2006 234 2053 m,
256 1987 324 2056 quod
341 1987 477 2041 honesturn
496 1986 665 2059 decorumque
683 1987 797 2053 dicimus,
816 1989 876 2058 quia
892 2007 938 2058 per

198 2063 264 2117 robis
286 2063 376 2133 placet,
395 2064 541 2134 animosque
562 2064 675 2118 omnium
697 2070 789 2118 natura
809 2069 836 2120 et
853 2066 936 2136 specie

206 2144 356 2208 commovet,
371 2142 528 2211 maximeque
545 2141 617 2213 quasi
635 2141 749 2212 perlucet
764 2159 795 2196 er
810 2142 854 2208 eis,
872 2161 935 2214 quas

198 2217 341 2285 memoravi,
361 2216 514 2273 virtutibus:
540 2218 634 2272 idcirco
655 2218 719 2282 illos,
738 2218 766 2272 in
783 2219 874 2289 quibus
892 2239 935 2275 ens

198 2297 252 2348 ntes
273 2313 329 2348 esse
349 2312 441 2357 remur,
461 2299 589 2348 enatura
609 2295 665 2365 ipss
685 2294 791 2366 diligere
812 2297 934 2368 cogimur.

198 2389 228 2426 ue
239 2371 279 2425 he
291 2372 392 2442 quidem
406 2389 489 2426 cansae
501 2371 622 2442 diligendi
637 2372 808 2443 gravissime:
826 2380 934 2444 possunt

198 2468 205 2502 r
219 2451 343 2519 praeteres
354 2447 480 2502 nonnulloe
496 2466 552 2502 esse
566 2447 680 2503 leviores.
716 2449 794 2503 utun
807 2454 892 2505 autem
904 2462 934 2506 ut
943 2459 974 2504 33

198 2535 272 2589 uter,
286 2524 384 2579 duabus
400 2525 476 2579 rebus
493 2524 558 2579 effici
574 2529 676 2595 potest:
695 2525 717 2579 si
732 2526 933 2581 existimabimur

198 2601 225 2657 »ti
243 2601 404 2670 conjunctam
423 2619 480 2655 cum
496 2601 598 2672 justitia
615 2601 783 2672 prudentiam.
820 2602 888 2655 Nem
906 2607 933 2656 et

198 2680 256 2733 dem
269 2677 398 2741 hebemus,
412 2696 475 2747 quos
489 2677 544 2747 plus
554 2678 703 2750 intelligere,
713 2697 788 2748 quem
801 2696 855 2743 nos,
868 2677 933 2732 arbi-

198 2775 243 2822 rur,
254 2772 369 2825 quosque
380 2759 407 2807 et
419 2755 506 2807 futura
518 2754 661 2824 prospicere
673 2755 805 2821 credimus,
814 2758 841 2808 et
853 2773 930 2826 quum

198 2836 291 2899 luatur,
305 2832 332 2884 in
344 2830 527 2902 discrimenque
539 2837 643 2886 ventum
656 2833 697 2897 sit,
710 2831 827 2901 expedire
840 2851 891 2886 rem
905 2839 931 2886 et

199 2910 272 2966 ilium
287 2926 320 2964 ex
331 2913 445 2977 tempore
457 2925 546 2978 capere
558 2926 639 2979 posse.
676 2909 751 2963 Hanc
763 2908 829 2963 enim
842 2909 932 2964 utilem
