2575 3367
472 318 540 368 ΠΒ.
558 318 609 369 111.
630 320 707 369 cAP.
718 321 754 367 18.
964 321 1011 370 128

257 430 363 485 XVIII.
379 429 561 495 Periclitemur,
575 430 597 484 si
615 430 705 500 placet,
718 431 745 483 in
761 429 792 484 iis
809 428 909 501 quidem
926 447 1010 486 exem·
1020 436 1050 488 73

221 507 279 577 plis,
295 508 324 561 in
341 506 433 576 quibus
453 506 552 577 peccari
566 506 659 576 vulgus
680 506 812 560 hominum
829 505 938 561 sortasse
959 524 1011 561 non

221 587 305 654 putet.
341 582 433 653 Neque
451 581 516 637 enim
533 581 565 636 de
583 582 686 648 sicariis,
704 582 829 647 veneficis,
846 585 1011 636 testamenta·

221 659 274 727 riis,
290 658 398 723 furibus,
417 657 603 729 peculatoribus
621 659 743 714 hocloco
762 657 935 712 disserendum
954 666 1009 722 est;

222 735 279 806 (qui
290 751 342 789 non
354 733 436 789 verbis
449 739 509 788 sunt
521 736 548 789 et
557 732 729 805 disputatione
741 733 954 806 philosophorum,
965 733 1010 788 sed

220 810 328 868 vinculis
348 814 375 864 et
392 826 491 865 carcere
508 808 632 882 fatigandi
642 811 662 879 ε)
681 809 727 865 sed
742 809 796 865 haeo
813 809 1008 874 consideremus,

221 904 278 959 qum
294 886 391 940 iaciunt
408 882 434 952 ii,
448 886 492 956 qui
508 885 635 941 habentur
652 885 721 941 boni.
756 886 789 940 L.
799 885 909 941 Minucii
920 884 1008 952 Basili,

220 961 356 1032 locupletis
367 961 483 1029 hominis,
496 961 586 1016 salsum
599 964 781 1016 testamentum
795 961 896 1033 quidem
912 980 927 1017 e
939 962 1010 1016 Grae-

221 1039 261 1094 eia
272 1039 381 1092 Romam
398 1037 548 1093 attulerunt.
584 1037 662 1098 Quod
678 1055 729 1107 quo
741 1037 839 1092 facilius
855 1037 1008 1101 obtinerent,

220 1115 378 1186 scripsenmt
395 1112 501 1169 heredes
519 1131 604 1170 secum
622 1113 661 1169 M.
671 1114 790 1168 Crassum
806 1116 833 1168 et
850 1113 885 1173 Q.
895 1113 1009 1168 Horten·

209 1188 418 1258 *sium‚homines
430 1189 543 1261 ejusdem
553 1189 635 1244 aetatis
648 1189 852 1260 potentissimos:
870 1189 920 1259 qul,
930 1208 1008 1260 quum

219 1267 283 1323 illud
292 1266 383 1321 falsum
396 1285 451 1322 esse
458 1265 655 1336 suspicarentur,
662 1265 711 1320 sibi
720 1270 804 1320 autem
817 1265 910 1319 nullius
922 1270 1008 1319 essent
1118 1302 1121 1315 .

220 1343 317 1399 conscii
334 1342 421 1413 culpae,
441 1343 515 1397 alieni
532 1341 651 1397 iocinoris
669 1340 848 1396 munusculum
866 1359 917 1394 non
935 1358 1008 1411 repu·
1114 1361 1118 1368 ·

220 1418 362 1475 disverunt.
386 1419 456 1480 Quid
468 1420 549 1490 ergol
567 1418 642 1473 setin’
652 1418 700 1473 hoc
712 1422 759 1483 est,
769 1420 799 1471 ut
810 1435 862 1471 non
874 1416 1009 1488 deliquisse

220 1495 375 1552 videantur?
411 1495 479 1550 Mihi
495 1493 596 1567 quidem
612 1512 664 1550 uon
675 1493 791 1549 videtur:
810 1511 961 1565 quamquem
972 1493 1008 1548 al·

220 1574 305 1626 terum
323 1571 409 1624 vivum
426 1571 516 1636 amavi,
532 1569 639 1626 alterum
655 1589 708 1625 non
725 1569 767 1625 odi
785 1574 921 1627 mortuum.
958 1569 1008 1626 Sed
1017 1575 1050 1625 74

220 1664 300 1719 quum
318 1646 419 1702 Basilus
431 1647 470 1701 M.
479 1646 598 1712 Satrium,
612 1647 706 1701 sororis
724 1646 810 1712 lilium,
823 1662 916 1701 nomen
933 1666 1008 1701 suum

219 1723 287 1779 ferre
304 1722 436 1786 voluisset,
454 1741 562 1794 eumque
579 1723 682 1778 fecisset
699 1721 834 1778 heredem:
854 1723 933 1791 (hunc
952 1722 1009 1778 dieo

219 1803 355 1886 patronum
369 1799 424 1869 agri
435 1799 523 1854 Piceni
535 1803 561 1854 et
574 1798 677 1854 Sabini:
695 1815 711 1853 o
726 1803 829 1886 turpem
844 1801 930 1886 notam
946 1801 1009 1852 tem-

218 1873 1009 2020 ttll‘ltlllhtttllhtillidi?ll

218 2027 279 2092 nim,
293 2026 317 2081 si
332 2026 362 2091 is,
376 2026 420 2098 qui
437 2045 489 2081 non
507 2024 619 2080 defendit
636 2026 764 2096 injuriam,
777 2044 859 2096 neque
876 2025 1009 2098 propulsat

219 2120 299 2174 quum
317 2106 410 2172 potest,
424 2102 518 2172 injuste
530 2101 599 2166 iacit,
611 2104 641 2155 ut
659 2102 687 2156 in
704 2101 785 2171 primo
802 2101 866 2157 libro
884 2102 1009 2157 disserui:

218 2178 301 2251 qualis
313 2178 444 2233 habendus
460 2181 500 2232 est
515 2178 546 2243 is,
560 2178 602 2248 qui
619 2194 671 2232 non
687 2177 761 2232 modo
776 2196 829 2233 nou
841 2177 948 2249 repellit,
961 2177 1007 2233 sed

218 2254 324 2326 adjuvet
336 2253 472 2324 injuriam?
498 2253 567 2307 Mihi
579 2252 681 2324 quidem
693 2253 770 2308 etiarn
781 2273 847 2310 verre
855 2254 1009 2310 hereditates

218 2348 271 2386 non
283 2331 397 2385 honestes
409 2329 535 2395 videntur,
548 2329 571 2385 si
587 2334 648 2383 suut
663 2329 795 2386 malitiosis
811 2330 939 2386 blanditiis
955 2331 1009 2386 offi-

218 2406 324 2470 ciorum,
337 2423 389 2460 non
405 2405 520 2474 veritate,
532 2404 576 2460 sed
596 2404 756 2460 simulatione
774 2407 893 2478 quesita.
928 2405 1009 2478 Atqui

217 2483 245 2539 in
261 2481 357 2538 talibus
374 2482 450 2537 rebus
468 2480 537 2536 aliud
555 2481 619 2537 utile
635 2480 771 2546 interdurn,
787 2482 855 2538 eliud
873 2483 1009 2537 honestum

217 2557 299 2615 rideri
311 2557 384 2612 solet.
421 2556 511 2611 Falso:
529 2575 588 2611 nem
601 2558 689 2611 eadem
704 2559 837 2624 utilitatis,
848 2575 905 2627 que
920 2557 1009 2611 tome·
1018 2564 1049 2616 75

218 2636 281 2690 atis
299 2638 336 2687 est
353 2633 449 2703 recula.
484 2633 538 2692 Qui
549 2633 597 2688 hoc
613 2651 666 2688 non
681 2633 825 2703 perviderit,
837 2632 928 2687 abhoc
939 2632 1010 2686 nulla

218 2709 289 2764 fraus
302 2708 390 2774 aberit,
405 2707 501 2762 nullum
514 2707 620 2763 facinus.
658 2708 700 2763 Sic
715 2709 782 2762 enim
799 2707 930 2778 cogitans:
951 2709 1009 2763 ‘ms

218 2786 284 2840 istuc
292 2785 396 2856 quidem
407 2784 550 2852 honestum,
558 2802 645 2838 oerum
657 2784 703 2838 loc
714 2785 832 2854 expedit?
844 2801 885 2838 res
895 2787 1010 2839 auctura

219 2861 351 2932 copulatas
369 2859 472 2914 audebit
491 2876 576 2914 errore
594 2859 728 2925 divellere3
747 2860 792 2931 qui
809 2859 866 2915 lons
884 2864 924 2916 est
941 2859 1010 2915 irau-

220 2937 297 3001 dium,
310 2935 497 2998 maleficiorum,
511 2935 634 2991 scelerum
647 2935 766 2990 omnium.
