2575 3367
449 352 518 400 LlB.
538 353 587 401 ΙΙΙ.
606 353 680 400 CAP.
699 356 737 412 26,
756 357 794 406 27.
962 351 1013 407 138

351 465 429 528 Cujus
441 469 491 530 ipse
503 467 615 530 princeps
624 470 687 532 jdris
695 469 794 530 jurandi
806 467 859 525 fuit,

350 537 424 585 Quod
435 540 518 585 omues
531 539 604 595 scitis,
617 541 683 586 solus
693 539 801 600 neglexit
812 539 890 587 iidem.

349 605 438 655 Furere
448 609 610 665 assimulavit:
629 614 660 656 ue
671 611 751 666 coiret,
763 609 857 657 institit.

266 682 270 689 '
350 678 422 728 Quod
433 682 459 726 ui
471 679 608 727 Palamedis
618 681 744 742 perspicax
754 680 882 741 prudentia

352 747 426 796 latius
437 757 561 812 percepset
571 751 715 798 malitiosam
727 750 868 798 audaciam:

350 819 410 867 Fide
421 828 519 868 sacratas
529 822 571 883 jus
582 829 697 884 perpetuo
708 821 810 870 felleret.

221 913 265 968 Illi
288 931 348 968 vero
367 932 419 968 nou
436 915 511 970 modo
530 932 587 970 eum
608 915 732 981 hostibus,
750 933 838 970 verum
856 914 932 970 etiam
954 932 1012 971 oum
1021 922 1053 970 99

221 990 352 1055 fluetibus,
364 990 390 1044 id
409 991 477 1062 quod
492 991 560 1059 feeit,
572 991 692 1046 dimioare
703 991 792 1046 melius
807 991 865 1057 fuit,
879 1011 954 1062 qnam
970 992 1013 1048 de·

222 1084 307 1120 serere
319 1069 519 1123 eonsentientem
534 1068 657 1123 Graeoiam
669 1068 701 1123 ad
716 1068 809 1123 bellum
825 1068 938 1124 barbaris
950 1069 1014 1124 infe-

210 1141 338 1197 rendum.
367 1144 417 1198 Sed
430 1145 576 1199 omittamus
588 1151 615 1199 et
627 1144 724 1199 fabulas
736 1148 763 1198 et
775 1149 896 1199 externa:
915 1145 1012 1200 adrem

220 1219 315 1273 saetam
325 1225 462 1291 nostraque
471 1221 608 1275 veniamus.
634 1221 674 1274 M.
682 1221 789 1275 Attihus
803 1221 924 1291 Regulus,
934 1240 1013 1291 quum

221 1295 312 1349 consul
327 1297 419 1350 iterum
436 1297 463 1350 in
481 1296 568 1352 Africa
582 1314 612 1351 ex
631 1295 729 1350 insidiis
747 1301 836 1366 eaptus
854 1302 929 1360 esset,
948 1296 1013 1352 duce

220 1372 373 1444 Xanthippo
385 1372 585 1439 Laoedoemonio,
596 1373 749 1442 imperatore
760 1375 845 1426 autem
857 1377 928 1442 patre
942 1374 1013 1426 liau-

220 1448 312 1503 nibalis
330 1450 489 1505 Hamilcare:
505 1453 608 1519 juratus
624 1448 717 1503 missus
732 1453 773 1502 est
790 1447 822 1502 ed
838 1453 960 1513 senatum,
973 1453 1011 1514 ut,

221 1524 272 1579 nisi
285 1525 377 1580 redditi
389 1529 474 1581 essent
486 1525 571 1580 Poenis
583 1525 676 1595 captivi
688 1524 785 1580 nobiles
797 1524 905 1595 quidam,
918 1525 1012 1580 rediret

219 1601 276 1673 ipae
289 1602 479 1672 Carthaginem.
516 1603 545 1656 Is
557 1620 635 1671 quum
645 1603 749 1656 Romam
762 1601 880 1667 venisset,
893 1601 1012 1657 utilitatis

221 1677 331 1747 speeiem
344 1677 461 1745 videbat3
480 1677 525 1732 sed
541 1696 603 1743 eam,
616 1680 699 1732 utres
715 1677 833 1744 declarat,
843 1677 931 1733 falsam
945 1678 1012 1748 judi·

221 1754 305 1810 cavit:
325 1772 381 1825 quoe
393 1762 448 1810 erat
460 1754 534 1810 talis:
553 1771 655 1808 manere
663 1753 690 1808 in
698 1753 794 1823 petria;
813 1771 868 1808 esse
880 1753 948 1809 domi
959 1773 1012 1810 suae

220 1847 280 1885 eum
298 1848 384 1898 uxore,
399 1848 456 1886 eum
474 1829 575 1896 hberis;
593 1847 667 1900 quam
686 1829 854 1884 adunitatem
871 1831 1009 1900 aooepisset

221 1907 249 1961 in
260 1905 335 1970 bello,
347 1924 504 1961 communem
517 1906 625 1960 fortunae
637 1904 732 1960 bellice
745 1904 910 1975 judicantem,
923 1909 1010 1961 tenere

226 1981 362 2038 eonasdaris
386 1982 517 2053 dignitatis
541 1981 656 2051 gradum.
692 1982 755 2046 Quis
778 1981 832 2036 haee
855 1985 931 2052 neget
954 1999 1010 2037 esse

231 2058 315 2113 ltilial
350 2058 435 2118 Quem
448 2059 555 2114 censes?
591 2056 746 2128 Magnitudo
758 2056 835 2111 animi
849 2062 876 2112 et
887 2057 1011 2113 fortitudo
1076 2105 1078 2108 .

236 2153 251 2189 e
270 2137 304 2188 at.

250 2152 370 2265 {XVIL
389 2210 459 2265 Num
469 2208 645 2278 locupletiores
657 2208 748 2279 quaeris
758 2209 893 2264 auotorssl
911 2210 1010 2265 Harum
1020 2217 1067 2264 100

245 2285 289 2341 rim
307 2289 347 2341 est
364 2287 489 2341 virtutum
507 2284 635 2356 proprium
656 2284 720 2339 nihil
739 2285 911 2352 extimesoere,
927 2287 1012 2342 omnia

250 2380 334 2417 rmana
350 2361 492 2434 despicere;
514 2361 583 2425 nihil,
597 2359 664 2431 quod
680 2361 775 2416 homini
792 2362 905 2417 accidere
920 2362 1010 2433 possit,

255 2437 406 2494 :olerandum
420 2441 517 2508 putare.
554 2438 645 2507 Itaque
659 2436 720 2508 quid
731 2437 813 2494 feeitl
850 2439 883 2492 In
894 2441 1011 2492 senatum

260 2515 308 2580 rit;
327 2514 447 2568 mandata
465 2512 597 2583 exposuit3
625 2514 777 2567 sententiam
797 2531 829 2568 ne
848 2513 950 2577 dioeret,
971 2530 1011 2567 re·

267 2591 337 2656 avit;
361 2592 477 2661 quamdiu
490 2590 659 2658 jurejurando
679 2591 788 2643 hostiam
807 2597 934 2651 teneretur,
955 2605 1012 2641 aaa

278 2685 303 2721 se
318 2676 464 2720 senatorem.
499 2667 586 2736 Atque
597 2664 660 2719 illud
671 2664 756 2729 etiam,
770 2665 796 2732 (o
811 2664 919 2716 nultum
929 2662 1011 2716 usne

276 2780 285 2810 ,
307 2741 402 2796 dixerit
423 2741 554 2811 quispiam,
571 2751 595 2795 et
615 2749 785 2809 repaqwatem
805 2740 912 2792 utilitati
927 2738 1009 2809 saul)

282 2819 292 2872 i
311 2819 432 2887 captivos,
452 2817 556 2887 negavit
576 2835 631 2871 esse
652 2816 730 2870 utile:
756 2816 814 2868 illos
829 2816 899 2867 mim
915 2814 1011 2868 adolea-

284 2912 301 2948 ἐ
318 2912 366 2947 esse
383 2904 405 2948 et
422 2893 500 2946 bonos
517 2894 596 2958 duras,
613 2912 638 2946 se
649 2893 713 2961 yitm
729 2893 870 2960 saussaium
885 2900 1010 2946 umam.
