2575 3367
400 322 432 369 64
683 324 732 373 DE
750 324 904 373 onnlcns

401 430 483 487 doctis
496 435 522 487 et
534 433 642 489 eruditis
655 435 836 506 quarentibus,
843 435 938 490 satisne
947 437 1098 491 constanter
1110 436 1130 492 iu

399 509 537 575 videamur,
547 511 599 580 qui,
612 531 690 582 quum
702 513 798 583 percipi
809 512 872 566 nihil
885 529 958 582 posse
970 510 1094 578 dieamus,
1107 520 1130 567 ta

400 590 427 641 et
439 586 494 640 aliis
506 585 538 641 de
547 587 623 642 rebus
635 586 759 643 disserere
771 587 905 650 soleamus,
912 591 939 642 et
950 589 999 642 hoo
1011 587 1069 656 ipso
1078 593 1130 644 tem

399 667 527 733 praeoepta
537 664 611 718 officii
623 682 810 735 persequamur.
840 663 941 722 Quibus
953 663 1045 719 vellem
1056 667 1121 720 satis

399 741 454 794 uita
465 743 533 794 esset
544 743 632 794 nostra
648 740 783 795 sententia.
818 740 879 794 Non
897 739 965 794 enim
983 758 1073 796 sumus
1090 742 1116 808 ii,

398 833 455 869 rum
467 819 577 886 vagetur
592 816 691 871 animus
708 834 801 880 errore,
813 833 860 871 neo
877 815 970 870 habent
986 835 1117 888 nmquam,

398 896 528 961 sequatur.
564 893 630 951 Quae
642 893 709 948 enim
722 896 790 947 esset
802 892 853 946 ista
867 909 946 959 mens,
958 891 999 947 vel
1011 911 1069 964 que
1081 895 1130 949 rita

398 967 460 1034 tius,
468 985 521 1021 non
532 968 607 1023 modo
619 968 774 1040 disputandi,
788 968 833 1022 sed
844 967 945 1023 vivendi
956 968 1056 1024 ratione
1068 970 1130 1026 subt

398 1043 455 1098 Nos
468 1047 560 1109 autem,
574 1048 604 1099 ut
616 1047 694 1100 oeteri
706 1045 755 1100 elie
766 1048 843 1112 certa,
855 1043 904 1098 alia
914 1044 1012 1099 ineerta
1023 1063 1082 1101 esse
1093 1046 1130 1102 dio

398 1119 436 1174 sio
448 1120 479 1175 ab
490 1120 530 1175 his
543 1120 721 1176 dissentientes
732 1123 788 1176 ala
798 1120 951 1191 probabilia,
960 1126 1053 1176 contra
1064 1125 1121 1177 alia

377 1205 464 1251 smus.
500 1197 568 1264 Quid
584 1202 624 1253 est
635 1197 722 1269 igitur,
735 1196 804 1269 quod
818 1214 860 1251 me
871 1195 999 1265 impediat,
1012 1214 1050 1264 ea,
1063 1217 1122 1270 quse

398 1272 490 1329 bubilia
505 1274 569 1330 mihi
580 1273 722 1342 rideantur,
740 1273 833 1345 sequit
851 1290 908 1343 quae
925 1276 1023 1340 eontra,
1038 1273 1130 1345 impml

398 1353 475 1420 atque
487 1351 625 1406 affirmandi
637 1350 807 1422 arrogantiam
816 1349 948 1413 vitantem,
957 1347 1049 1419 fugere
1060 1353 1130 1406 teme

397 1432 457 1492 tem,
471 1446 527 1498 qua
539 1445 555 1482 a
566 1428 690 1496 sapientia
701 1425 807 1483 dissidet
819 1425 975 1496 plurimum?
993 1425 1094 1481 Contra
1105 1445 1130 1482 ar

397 1503 482 1556 omnia
497 1503 642 1574 disputatur
660 1521 676 1557 a
691 1503 795 1566 nostris,
807 1501 874 1574 qnod
891 1500 940 1556 hoo
956 1501 1041 1572 ipsum
1059 1503 1130 1574 protu

397 1577 495 1633 elucere
506 1596 558 1632 non
569 1579 658 1648 possit,
668 1580 759 1634 nisiex
770 1583 879 1650 utraque
890 1587 962 1648 parte
974 1595 1111 1634 oausarum
1123 1599 1130 1634 r

397 1654 465 1707 taeta
476 1655 614 1710 eontentio.
649 1654 699 1709 Sed
710 1655 764 1710 hoeo
776 1654 910 1725 explanate
921 1657 982 1708 sunt
991 1653 1018 1709 in
1027 1656 1130 1710 Araden

396 1731 491 1786 nostris
511 1731 580 1798 satis,
600 1735 631 1786 nt
652 1731 768 1796 arbitror,
786 1731 928 1802 diligenter.
963 1730 1021 1785 Tibi
1039 1735 1130 1798 autem,

398 1808 492 1874 Oioero,
503 1827 653 1880 quamquam
663 1808 691 1863 in
702 1809 878 1879 antiquissima
889 1806 1097 1879 nobilissimaque
1109 1810 1130 1880 pi

397 1887 493 1957 sophia,
506 1887 627 1958 Cratippo
639 1890 751 1954 auotore,
762 1887 878 1953 versaris,
890 1885 921 1940 iis
934 1885 1069 1950 simillimo,
1083 1888 1128 1959 qni

397 1964 517 2033 praeclara
527 1967 687 2035 pepererunt,
694 1968 780 2017 tamen
792 1963 846 2017 hae
858 1966 952 2027 nostra,
966 1961 1075 2018 finitima
1087 1982 1130 2019 ves

397 2040 485 2111 ignota
496 2059 551 2096 esse
562 2041 639 2097 uolui
676 2040 726 2096 Sed
735 2042 787 2111 jam
799 2039 830 2094 ad
843 2039 963 2095 instituta
973 2058 1119 2111 pergamus.

373 2129 389 2178 9
430 2117 483 2171 111.
504 2119 623 2189 Quinque
638 2117 718 2188 igitur
734 2115 878 2172 rationibus
889 2116 1026 2187 propositis
1043 2117 1122 2187 officii

394 2193 521 2261 sequendi,
533 2211 640 2262 quarum
653 2193 710 2248 due
726 2192 758 2247 ad
772 2192 848 2246 dees
859 2192 1063 2263 honestatemque
1075 2198 1130 2263 pert

393 2274 459 2330 rent,
478 2266 535 2322 duae
556 2267 734 2323 adcommoda
754 2271 820 2335 vite,
838 2270 931 2337 copias,
951 2286 1014 2340 opes,
1022 2269 1130 2338 saeulta

394 2343 483 2413 quinta
500 2343 533 2397 ad
549 2345 661 2416 elipandi
671 2346 813 2413 judicium,
831 2345 976 2414 siquando
993 2361 1031 2408 ea,
1050 2363 1108 2415 quae
1126 2365 1130 2397 ι

388 2437 511 2489 peperere
525 2422 593 2474 inter
604 2438 628 2474 se
643 2421 815 2474 viderentur:
833 2420 976 2475 honestatis
992 2438 1050 2489 pars
1069 2422 1130 2475 oonf

393 2500 441 2562 est,
460 2514 535 2566 quam
556 2496 658 2567 quidem
678 2495 726 2551 tibi
747 2497 822 2566 cupio
846 2515 902 2551 esse
921 2497 1089 2551 notissimam.
1126 2497 1130 2551 3

393 2576 487 2637 autem,
501 2572 533 2628 de
551 2590 601 2643 quo
618 2590 687 2627 nune
704 2573 812 2643 agimus,
830 2572 856 2626 id
875 2572 959 2643 ipsum
977 2576 1025 2640 est,
1044 2571 1130 2642 quodi

392 2649 540 2719 appellatur.
577 2650 609 2703 In
621 2666 672 2720 quo
688 2648 765 2703 verbo
776 2649 847 2718 lapsa
859 2648 1017 2703 consuetudo
1033 2647 1130 2703 deflexu

391 2727 439 2791 via,
450 2726 592 2796 sensimque
601 2743 631 2780 eo
641 2724 750 2779 deducta
758 2729 806 2788 est,
814 2730 852 2791 nt,
860 2725 1019 2780 honestatem
1030 2724 1062 2779 ab
1072 2725 1130 2780 utili

391 2820 524 2856 secernens
536 2801 711 2868 constitueret,
719 2819 774 2856 esse
786 2802 922 2856 honestum
934 2800 1036 2871 aliquid,
1044 2801 1130 2871 quodi

390 2895 442 2932 non
455 2883 531 2944 asset,
544 2881 571 2932 et
584 2878 654 2947 utile,
666 2877 734 2949 quod
749 2896 802 2933 non
812 2878 965 2933 honestum:
983 2896 1034 2949 qua
1044 2878 1130 2949 nulla]
