2575 3367
470 309 539 358 LIB.
558 308 610 356 111.
627 308 702 356 cst.
720 309 744 364 7.
760 311 783 356 8.
978 311 1023 356 lot)

171 398 174 462 l
227 415 306 483 erat)
319 412 364 469 sed
375 432 412 483 ea,
424 432 484 486 qam
499 415 650 470 uiderentur
665 415 752 469 elilim
787 414 870 469 Nihil
885 433 943 469 vero
955 417 1025 482 utile,

227 491 301 560 quod
316 509 372 544 eon
387 490 455 544 idem
465 491 619 544 donatum:
638 492 709 545 noe
724 491 866 552 donatum,
884 490 954 561 qaod
970 511 1024 546 non

227 567 299 619 idem
320 567 385 620 utile
405 568 446 634 eit,
467 584 533 636 saepe
554 572 665 621 testatur
684 571 811 637 negatque
830 567 914 620 allam
931 577 1024 636 pestem

227 643 356 711 mojorem
377 645 408 696 in
427 645 508 708 eitum
528 643 666 698 hominnm
686 645 816 708 invadam,
835 660 915 712 qaam
934 660 1024 697 eorum

228 719 386 787 opinionem,
401 721 448 788 qui
464 721 514 772 ista
531 719 712 772 distinxerim.
749 719 840 788 Itaque
856 735 914 785 uon,
932 723 963 772 ut
980 719 1023 774 ali-

228 794 331 864 quando
350 799 559 865 anteponeremus
577 794 652 849 utilia
669 795 791 860 honestis,
808 794 854 849 sed
875 799 904 849 ut
922 813 952 849 ea
969 795 1024 850 sine

228 888 315 924 errore
343 869 546 939 dijudicaremus,
572 870 595 924 si
618 869 720 940 quando
743 869 899 938 incidissent,
923 870 1024 926 induxit

228 965 291 1012 eam,
306 963 364 1014 qum
377 945 506 1000 rideretur
520 963 584 1010 esse,
597 963 649 999 non
664 963 721 1016 que
732 949 808 1010 esset,
820 946 1023 1016 repugnantiam.

227 1022 305 1077 Hane
317 1021 397 1092 igitur
408 1025 505 1092 partem
517 1021 632 1076 relietum
647 1020 813 1092 explebimus,
826 1021 902 1076 nullis
917 1021 1023 1076 admini-

228 1098 299 1161 oulis,
323 1097 376 1162 sed,
397 1102 427 1152 ut
447 1097 548 1162 dieitur,
573 1097 674 1152 ‘Marte
694 1099 801 1152 nostro-⁹
843 1097 934 1167 Neque
954 1099 1022 1153 enim

227 1174 365 1244 quidquam
379 1172 410 1228 de
421 1173 469 1228 hae
485 1178 558 1243 parte
573 1179 631 1244 post
645 1173 788 1228 Panaetium
804 1173 956 1243 explicatum
973 1179 1022 1239 est,

228 1249 295 1320 quod
308 1248 411 1319 quidem
422 1249 484 1304 mihi
492 1249 643 1321 probaretur
655 1248 687 1304 de
698 1249 737 1315 iis,
748 1267 804 1320 qum
815 1249 843 1303 in
854 1267 943 1304 manus
954 1267 1023 1305 meae

227 1324 352 1380 venerint.
374 1378 378 1387 ,
1026 1378 1028 1383 .

261 1401 343 1455 VIII.
363 1400 448 1466 Quum
468 1400 548 1472 igitur
565 1400 650 1471 dique
666 1401 764 1471 speeies
784 1399 903 1456 utilitatis
922 1399 1061 1469 objectans

226 1482 274 1542 est,
287 1476 441 1532 commoveri
452 1495 556 1532 neeesse
567 1481 616 1532 est.
651 1477 702 1532 Sed
717 1477 747 1542 ei,
760 1495 838 1548 quum
854 1476 965 1531 animum
983 1479 1024 1530 at·

218 1554 349 1618 tenderis,
368 1552 554 1622 turpitudinem
574 1552 661 1608 videas
682 1553 827 1622 adjunctam
851 1553 875 1608 ei
898 1553 942 1619 rei,
965 1570 1023 1624 quae

228 1630 340 1700 speeiem
363 1628 486 1684 utilitatis
509 1629 640 1695 attulerit;
671 1633 728 1684 turn
750 1648 802 1684 non
825 1629 923 1683 utilitas
947 1629 1023 1683 relin-

227 1705 330 1776 quenda
349 1707 398 1770 est,
418 1703 464 1760 sed
484 1704 684 1775 intelligendum,
704 1705 749 1760 ubi
769 1704 902 1774 turpitudo
923 1705 965 1773 sit,
986 1705 1022 1760 ibi

225 1782 366 1836 utilitatem
378 1798 497 1836 essenon
511 1798 593 1852 posse.
630 1781 707 1841 Quod
724 1782 746 1836 si
763 1781 826 1835 nihil
837 1784 877 1836 est
893 1784 946 1835 tam
962 1799 1024 1835 oon·

225 1861 266 1912 tra
281 1862 408 1923 naturam,
427 1875 502 1928 quam
519 1856 661 1928 turpitudo,
680 1859 761 1926 (reeta
778 1857 845 1912 enim
862 1860 889 1911 et
906 1856 1022 1911 eonveni-
1063 1911 1065 1914 .

225 1935 296 1989 entia
307 1938 335 1989 et
347 1934 491 1989 eonstantia
501 1937 594 1988 natura
605 1933 740 1999 desiderat,
753 1937 952 2003 aspernaturque
963 1950 1023 1988 eon·

225 2011 325 2076 traria)
338 2011 452 2081 nihilque
463 2014 516 2065 tam
528 2009 667 2065 seeundum
683 2013 808 2077 naturam,
820 2028 895 2080 quam
908 2008 1021 2063 utilitas:

226 2092 296 2142 certe
308 2087 336 2141 in
348 2087 434 2141 endem
446 2105 475 2142 re
486 2085 585 2140 utilitas
601 2090 628 2141 et
643 2084 777 2157 turpitudo
793 2103 849 2139 esse
861 2102 912 2138 non
927 2087 1021 2154 potest.

226 2164 354 2234 Itemque,
367 2163 390 2217 si
407 2163 439 2217 nd
456 2163 617 2217 honestatem
631 2162 687 2218 nati
705 2179 799 2228 sumus,
811 2179 890 2231 eaque
908 2163 954 2216 aut
969 2160 1023 2215 sola

225 2238 370 2310 expetenda
389 2243 438 2306 est,
458 2242 489 2293 ut
510 2238 606 2293 Zenoni
625 2238 709 2293 visum
732 2241 780 2304 est,
798 2240 844 2292 aut
864 2241 933 2293 eerte
954 2237 1022 2293 omni

225 2315 338 2387 pondere
358 2315 458 2385 gravior
477 2314 600 2382 habenda,
623 2333 699 2385 qnam
722 2314 820 2385 reliqua
841 2313 932 2381 omnia,
953 2313 1022 2384 quod

224 2390 361 2448 Aristoteli
381 2390 481 2462 plaeet:
509 2408 612 2446 neeesse
629 2394 678 2455 est,
697 2390 766 2460 quod
782 2390 917 2444 honestum
934 2390 975 2455 sit,
993 2389 1022 2444 id

224 2485 280 2523 esse
306 2475 352 2521 aut
376 2466 457 2522 solum
481 2470 526 2521 sut
550 2485 677 2521 summum
700 2464 811 2521 bonum:
844 2465 912 2536 quod
934 2469 1021 2520 autem

223 2544 330 2609 bonum,
343 2543 371 2597 id
383 2551 452 2598 eerte
464 2543 544 2597 utile:
563 2543 607 2605 ita,
621 2541 744 2614 quidquid
754 2542 898 2605 honestum,
909 2539 937 2595 id
948 2541 1019 2596 utile.

225 2623 315 2681 Quare
337 2637 408 2674 error
428 2618 558 2673 hominum
578 2637 630 2673 non
650 2618 794 2688 proborum,
815 2634 895 2685 quum
915 2614 1059 2685 aliquidne

224 2697 294 2768 quod
306 2696 371 2751 utile
389 2695 470 2750 visum
489 2699 536 2759 est,
555 2694 670 2764 arripuit,
683 2693 710 2748 id
726 2692 846 2748 eontinuo
860 2690 968 2744 seeernit
985 2691 1018 2746 ab

224 2773 342 2828 honesto.
375 2772 446 2827 Hine
457 2772 522 2838 sicae,
535 2771 595 2826 hine
607 2788 709 2835 venenu,
722 2769 780 2823 hine
791 2765 855 2820 falsa
865 2769 1021 2820 testamenta

216 2853 382 2908 naseuntur:
401 2847 460 2904 hine
477 2850 554 2914 furta,
568 2846 708 2918 peculatus,
719 2841 884 2913 expilationes
899 2840 1020 2912 direptio·
