2575 3367
267 310 314 363 tm
571 312 621 361 DE
639 310 793 361 ormena

265 427 371 483 solidam
384 426 411 479 et
423 439 569 493 expressam
581 422 689 493 effigiem
705 422 801 477 nullum
812 424 951 491 tanarum
969 422 1021 478 uml

265 510 292 558 et
310 499 463 573 imaginibus
481 499 593 553 utimur:
615 516 658 553 aaa
678 499 746 569 iprae
763 498 861 552 utinam
880 516 1021 569 mqueremr

266 581 386 633 feruntur
397 576 464 632 enim
477 593 511 629 ex
522 574 625 644 optimis
641 577 742 628 naturae
754 578 782 629 et
793 574 912 629 veritatis
928 575 1021 646 examp'

226 657 258 708 70
268 656 336 710 Nam
351 652 442 725 quanti
453 650 531 707 verba
541 649 599 704 illo:
617 665 667 704 nnn
684 664 722 703 rr
740 664 865 704 nooman
882 666 917 704 τι
935 666 1021 705 rmmr

266 745 346 785 roan
363 743 464 783 omna
480 726 774 780 mortuummare!
812 726 899 786 Quam
910 725 956 781 illu
967 744 1021 783 aun

266 820 353 861 mnan
366 818 454 858 aoros
471 818 546 856 unum
563 816 651 855 namu
665 815 787 855 orcum
803 817 838 855 nn
854 818 919 856 anun
936 818 1021 859 raam

266 880 366 935 moral
403 877 461 943 Sed,
475 879 519 948 qui
531 876 584 932 sint
594 876 656 931 botai
667 876 767 947 etquid
782 876 817 932 ait
828 877 889 931 bene
899 879 957 949 ayt,
969 896 1021 951 ml

267 955 374 1028 quaetio
393 956 441 1009 eat.
478 954 512 1012 Q
529 950 631 1023 quidem
654 951 773 1017 Scoevcla,
792 952 909 1022 pontifex
928 955 1021 1010 maxim

266 1048 396 1086 murcatum
408 1030 464 1083 cim
476 1029 576 1084 dicebat
587 1045 637 1082 erac
654 1031 685 1082 in
702 1028 824 1082 mmmm
840 1029 877 1083 iia
890 1029 1020 1099 arbitriis,

266 1107 363 1177 quitur
373 1104 524 1158 αοῐᾶενιικνε
537 1120 574 1158 ux
586 1118 651 1157 rmn
663 1118 753 1169 nom
763 1102 878 1174 fideique
888 1104 962 1159 tom
970 1122 1021 1160 nor

267 1180 429 1238 existimabat
441 1180 694 1246 concordatium,
706 1179 786 1249 idque
803 1181 906 1233 macri
923 1183 956 1235 ira
972 1190 1021 1236 tau

267 1257 431 1321 societatibus,
442 1255 560 1324 fiducita,
578 1254 722 1321 mutato,
740 1255 812 1309 rebar
831 1257 924 1325 emptio
942 1256 1021 1311 crudi

267 1335 408 1400 emmetra,
421 1332 517 1397 locatic,
529 1332 620 1401 cuttu
630 1331 693 1383 citoe
703 1331 808 1384 accierat
819 1332 1014 1387 comitteretur:

268 1413 311 1464 tric
331 1410 419 1480 marci
436 1425 485 1461 ecre
499 1406 604 1475 judicia
623 1411 742 1470 statuere,
763 1408 921 1475 (murtiae
939 1426 1019 1479 qam·

266 1487 392 1556 plerr'nqae
409 1481 603 1550 eruentjcda‘cz‘a
620 1482 776 1550 contrado)
789 1482 856 1551 quid
872 1500 1021 1555 qucrnqrtec

228 1567 257 1615 71
268 1579 317 1631 que
324 1568 449 1630 precatore
461 1566 591 1627 oporteret.
611 1557 736 1622 Quocirca
747 1558 850 1612 astutiae
862 1558 985 1615 tollendra
994 1579 1021 1615 au

269 1652 349 1706 eaque
364 1633 468 1697 malitia,
482 1651 538 1702 quae
551 1631 608 1686 vult
623 1631 667 1686 illa
682 1632 785 1702 quidem
797 1632 879 1687 videri
890 1652 919 1688 ae
936 1652 1021 1707 accep

269 1711 390 1773 dentiam,
407 1708 451 1764 sed
470 1706 542 1762 abeat
560 1706 592 1761 ab
610 1725 641 1762 ea
658 1707 789 1779 distatque
806 1708 956 1779 plurimum.
993 1712 1021 1767 P:

268 1789 358 1843 dratia
369 1790 409 1841 est
421 1785 489 1841 enim
500 1783 583 1838 locata
594 1784 621 1837 in
633 1783 735 1838 delectu
746 1784 870 1838 bonorum
883 1789 911 1840 et
920 1787 1020 1843 maloru

269 1865 376 1918 malitia
395 1861 428 1931 (ai
445 1860 537 1924 omnia,
550 1878 607 1929 qnae
623 1860 711 1930 turpia
728 1863 797 1927 cunt,
815 1860 882 1914 mala
899 1864 984 1931 cunt)
1000 1882 1021 1919 m

269 1940 342 1995 bonis
354 1938 426 2010 ponit
438 1941 505 1992 ante.
541 1936 598 1990 Nec
609 1953 670 1990 vero
682 1937 710 1990 in
722 1936 822 2005 praediir
831 1937 914 1991 colum
924 1939 971 2007 jna
983 1941 1021 1995 civ

270 2016 376 2071 ductum
393 2017 524 2077 enatura,
543 2011 666 2065 malitiam
684 2011 851 2083 fraudemque
872 2013 1003 2083 vindicat3

270 2094 347 2148 etiam
359 2092 386 2145 in
396 2089 577 2158 mancipiorum
589 2087 736 2143 venditione
748 2088 817 2142 fraus
830 2089 973 2147 venditoris
985 2110 1021 2147 on

270 2167 421 2222 excluditur.
455 2166 509 2226 Qui
520 2165 586 2220 enim
599 2164 664 2218 scire
677 2163 765 2218 debuit
777 2164 809 2219 de
821 2165 941 2232 sanitate,
953 2166 986 2223 de
997 2168 1021 2223 fn

271 2242 303 2297 de
314 2243 398 2306 furtis,
411 2244 516 2312 praestat
528 2240 611 2295 edicto
624 2239 742 2295 aediliuuu
778 2240 914 2296 Heredum
928 2243 980 2299 alia
991 2262 1020 2301 ou

229 2332 260 2383 72
272 2324 319 2373 est.
355 2318 396 2371 Ex
407 2334 457 2387 quo
469 2315 627 2386 intelligitur,
638 2317 757 2388 quoniam
767 2317 833 2387 juria
846 2322 941 2374 natura
953 2321 1011 2375 fona

270 2394 319 2449 hoc
335 2391 474 2447 secundum
486 2395 603 2445 naturam
621 2411 686 2457 esse,
699 2394 824 2447 neminem
844 2393 870 2447 id
887 2401 1018 2465 agerent

271 2471 375 2525 alterius
387 2468 514 2539 prodetur
526 2469 635 2524 inscitia.
671 2470 729 2524 Nec
741 2470 794 2523 ulla
802 2469 929 2540 pernicies
943 2473 1021 2527 vitrei

267 2551 311 2618 jor
322 2546 429 2602 inveniri
441 2548 534 2616 potent,
543 2563 619 2613 quam
631 2545 657 2599 in
670 2545 768 2600 malitia
779 2546 909 2600 simulatio
922 2547 1021 2620 intellig

271 2625 330 2679 tire:
348 2642 380 2678 ex
392 2640 442 2694 qno
455 2621 505 2676 ista
516 2621 709 2676 innumerabilia
720 2625 868 2687 nascuntur,
879 2627 909 2677 ut
919 2625 997 2679 utilia
1008 2642 1021 2681 a

270 2701 384 2756 honestis
396 2715 509 2770 pugnare
521 2698 663 2752 videantur.
700 2700 805 2757 Quotus
822 2698 889 2752 euim
907 2700 1017 2772 quisque

271 2778 390 2847 potietur,
403 2775 456 2845 qui,
469 2773 621 2842 impunitate
634 2777 661 2827 et
673 2774 832 2844 ignoratione
845 2775 962 2830 omnium
973 2794 1020 2847 pro

271 2852 328 2920 situ,
341 2852 467 2908 abstinere
478 2850 561 2921 poenit
572 2849 685 2919 injuria?
863 2856 867 2861 '
