2575 3367
277 321 309 368 ae
563 319 611 368 nn
630 286 784 369 orl-“rcus

276 451 313 486 rer
323 432 471 502 despiciente
484 432 578 487 iactum
591 433 633 487 sit.
670 433 762 502 ltaque
774 432 801 487 in
812 431 910 502 probris
920 433 1028 488 maxime
1040 433 1067 487 in

276 513 395 579 pmmptu
407 513 454 573 est,
467 509 562 580 siquid
574 509 624 563 tale
637 508 686 564 diei
699 513 799 579 potest:

334 615 382 662 vos
392 617 484 671 etenim,
491 618 594 676 juvenes,
604 618 707 662 animum
717 616 796 675 geritis
806 616 948 669 muliebrem,

334 681 378 728 Illa
387 683 468 740 virago
478 682 533 728 viri:

275 779 301 828 et
313 775 336 829 si
348 757 559 844 quidejuamodi:

334 873 442 928 Selmtei,
452 876 483 919 da
492 874 571 932 spolia,
583 873 631 918 sine
641 874 723 918 sudore
734 877 757 917 et
766 870 884 928 etnguine.

275 963 420 1033 Contraque
431 964 458 1018 in
470 962 593 1027 laudibus,
607 980 663 1033 qum
674 977 767 1031 magno
778 960 860 1014 animo
872 959 973 1014 fortiter
985 961 1066 1015 excel·

274 1039 404 1110 lenterque
417 1043 490 1109 gesta
502 1049 568 1102 aunt,
582 1055 612 1092 ea
623 1038 708 1092 neseio
723 1035 847 1106 quomodo
864 1036 935 1105 quasi
953 1036 1065 1105 pleniore

273 1134 317 1169 ore
329 1115 468 1169 laudamus.
504 1115 573 1169 Hine
590 1115 721 1168 rhetorum
739 1129 843 1180 eampue
859 1110 891 1166 de
902 1113 1063 1179 Marathone,

274 1191 406 1256 Salamine,
425 1191 534 1257 Plateis,
553 1189 734 1260 Thermopylis,
751 1188 882 1254 Leuetria3
906 1189 965 1243 hine
977 1197 1065 1244 noster

274 1265 378 1334 Coeles;
405 1268 464 1322 hino
482 1268 562 1335 Decii,
579 1267 638 1321 hino
657 1267 704 1320 Cn.
722 1268 749 1319 et
761 1265 792 1318 P.
806 1265 942 1334 Scipiones,
954 1265 1014 1320 hino
1024 1267 1064 1320 M„

273 1345 418 1412 Marcellus,
430 1344 623 1399 innumerabiles
635 1343 692 1396 elii:
717 1341 875 1412 maximeque
886 1342 942 1412 ipse
953 1345 1063 1412 populus

273 1421 404 1476 Romanus
417 1421 493 1475 animi
504 1419 677 1488 magnitudine
686 1419 794 1474 excellit.
818 1418 970 1474 Declaratur
977 1424 1064 1477 autem

273 1496 386 1550 studium
404 1496 499 1551 bellioae
517 1496 609 1565 gloriae,
628 1494 695 1565 quod
714 1500 812 1550 statuas
831 1513 930 1567 quoque
949 1496 1063 1554 videmus

272 1577 364 1626 ornatu
376 1571 428 1627 lere
441 1571 549 1626 militari.

229 1653 260 1700 62
308 1648 381 1701 XIX.
398 1647 447 1703 Sed
459 1666 490 1702 ea
507 1647 583 1701 animi
596 1646 679 1712 elatio,
697 1667 753 1718 quae
770 1649 882 1704 cernitur
899 1651 926 1704 in
944 1651 1062 1721 perieulis

272 1729 298 1778 et
311 1723 445 1791 laboribus,
457 1724 479 1778 si
487 1723 682 1794 justitiarum,
696 1729 842 1795 pugnatque
853 1744 906 1780 non
921 1745 967 1797 pro
979 1727 1062 1783 salute

272 1801 406 1867 communi,
424 1799 468 1855 sed
489 1818 534 1871 pro
554 1801 607 1854 suis
624 1801 768 1866 commodis,
787 1802 815 1855 in
836 1803 897 1857 vitio
915 1808 963 1858 est.
1000 1805 1062 1859 Non

272 1877 347 1932 modo
364 1877 431 1932 enim
448 1876 477 1931 id
486 1877 589 1931 virtutis
600 1895 652 1931 non
669 1880 716 1942 eet,
730 1877 774 1932 aed
787 1878 871 1948 potius
887 1879 1060 1945 immanitatis,

272 1971 370 2009 ornnem
380 1954 560 2009 humanitatem
574 1953 726 2023 repellentia.
751 1954 844 2025 Itaque
851 1955 928 2025 probe
941 1955 1061 2011 definitur

272 2048 287 2085 a
299 2032 391 2087 Stoicis
394 2033 532 2104 feritate,
546 2050 624 2102 quum
636 2049 691 2085 eam
703 2033 822 2085 virtatem
834 2049 889 2086 esse
905 2031 994 2087 dieunt
999 2052 1062 2102 pre

266 2113 421 2177 papnuntem
435 2126 484 2177 pro
500 2110 625 2177 equitate.
662 2107 789 2166 Quocirca
804 2125 885 2172 nemo,
899 2109 942 2179 qui
958 2109 1061 2164 fortitu·

271 2183 336 2237 dinis
348 2182 451 2252 gloriam
468 2188 619 2238 consecutus
635 2187 676 2238 eet
691 2183 788 2237 ineidiie
804 2188 830 2238 et
847 2185 949 2252 malitia,
960 2185 1060 2241 laudem

271 2261 310 2311 est
328 2257 442 2327 adeptus.
482 2258 554 2312 Nihil
571 2258 637 2313 enirn
656 2259 790 2313 honestum
808 2277 864 2314 eene
881 2257 975 2330 potest,
993 2262 1061 2333 quod

227 2341 257 2386 63
267 2333 368 2403 justitia
385 2336 465 2388 vacat.
501 2334 653 2389 Praeclarum
671 2334 750 2402 igitur
767 2334 829 2390 illud
847 2336 976 2392 Platonis:
1003 2341 1062 2393 Noa

269 2409 353 2474 solum,
366 2409 457 2480 inquit,
469 2412 579 2475 seientia,
593 2429 649 2480 qace
664 2416 700 2464 est
715 2416 806 2466 remote
820 2415 852 2465 at
862 2414 974 2482 justitia,
987 2417 1062 2468 calli·

269 2487 337 2540 ditae
342 2488 437 2555 potius,
450 2505 521 2556 quam
532 2489 655 2557 rapientia
667 2491 703 2541 ert
713 2491 881 2557 eppetemda:
896 2509 976 2543 oerum
987 2494 1062 2545 etiem

269 2566 364 2616 animae
370 2570 478 2632 paretur
490 2565 526 2616 ad
531 2565 676 2633 periculam,
686 2568 709 2617 ri
720 2583 765 2618 ree
777 2567 979 2634 cupiditatem
990 2570 1062 2622 utili-

270 2644 322 2693 tate
333 2643 449 2694 eommena'
470 2642 611 2709 dimetietur,
633 2642 747 2694 aedeeiae
760 2644 845 2710 petiae
862 2661 945 2696 nomen
963 2646 1060 2709 tabeat,

269 2735 341 2784 quam
350 2717 521 2785 fortitudinia.
559 2717 650 2785 Itaque
666 2717 733 2770 viros
751 2717 830 2771 sortes
845 2726 872 2772 et
888 2720 1061 2787 magnanimos

269 2791 369 2845 eosdem
382 2790 462 2846 bonos
474 2797 501 2846 et
517 2791 650 2861 simplices,
663 2793 776 2846 veritatis
792 2793 893 2859 amima,
908 2795 1060 2866 minimeque

268 2865 369 2921 fallaces
380 2869 577 2923 essevolumus:
595 2871 760 2936 quaesuntex
769 2868 932 2925 medielaude
940 2871 1060 2939 justitiae.
