2575 3367
497 312 563 361 nrn.
583 313 604 360 1.
624 313 699 361 one.
719 291 754 362 rs.
992 317 1021 364 ro

229 415 335 480 collata:
360 441 416 494 qua
436 428 466 478 ut
487 429 638 479 concurrant
659 426 749 490 omnia,
769 425 881 496 optabile
901 430 956 492 cst;
981 427 1021 482 sin

229 502 319 566 minus,
339 501 426 571 plures
445 518 528 556 causae
549 504 708 573 majoresque
729 502 848 573 ponderis
866 502 923 573 plus
945 504 1020 559 habe·

230 576 300 632 bunt.

262 653 322 708 XV.
341 653 468 713 Quoniam
481 657 565 708 autem
575 654 671 708 vivitur
680 672 731 709 non
742 672 800 709 cnm
813 653 933 725 perlectis
941 655 1019 712 homi·
1032 654 1066 702 46

228 730 303 784 nibus
315 731 439 801 planeque
452 729 615 798 sapientibus,
628 731 674 785 sed
685 749 742 786 cum
756 731 795 797 iis,
808 731 835 785 in
850 731 942 803 quibus
958 751 1021 802 prn-

228 807 294 862 clare
304 807 390 878 agitur
398 807 421 862 si
432 813 493 862 sunt
505 807 637 863 simulacra
646 809 765 863 virtutis:
782 809 858 863 etiam
868 809 917 864 hoc
928 809 1021 864 intelli·

228 883 341 954 gendum
349 888 420 955 puto,
427 884 552 938 neminem
562 886 665 940 omnino
676 903 732 940 esse
741 884 929 956 negligendum,
936 886 1020 957 inquo

228 959 313 1031 aliqua
330 961 481 1031 significatio
500 961 602 1016 virtutis
621 966 756 1032 appareat:
780 962 913 1016 colendum
936 967 1020 1017 autem

229 1055 284 1091 esse
296 1039 334 1092 ita
346 1055 471 1107 quemque
483 1039 598 1105 maxime,
607 1042 637 1092 nt
650 1039 757 1109 quisque
769 1039 877 1094 maxime
888 1039 928 1094 his
940 1039 1020 1094 virtu·

228 1113 297 1167 tubus
309 1112 447 1167 lenioribus
459 1113 507 1168 erit
520 1119 632 1180 ornatus,
645 1115 776 1179 modestia,
785 1117 959 1186 temperantia,
973 1116 1020 1172 hac

227 1190 290 1260 ipsa,
304 1189 336 1244 de
348 1207 398 1260 qua
405 1193 459 1258 jam
471 1189 552 1244 multa
564 1190 632 1245 diota
644 1195 712 1258 sunt,
718 1191 829 1261 justitia.
865 1191 932 1245 Nam
946 1193 1020 1246 fortis

229 1265 366 1320 animus-et
378 1283 486 1336 magnus
497 1266 524 1319 in
539 1266 639 1321 homine
655 1284 707 1319 non
722 1267 836 1336 perlecto
847 1284 894 1321 nee
906 1268 1020 1334 sapiente
1051 1321 1053 1324 ,
1067 1322 1072 1330 ,

228 1341 367 1397 ferventior
384 1342 532 1412 plerumque
550 1347 605 1397 est:
631 1342 680 1398 illae
699 1343 807 1398 mrtutes
824 1343 906 1397 virum
925 1344 1019 1399 bouum
1073 1354 1075 1359 ’

228 1418 349 1473 videntur
360 1418 446 1489 potins
459 1419 593 1491 attingere.
623 1420 777 1490 Atquehoec
789 1420 816 1474 in
827 1419 947 1475 moribus.
979 1420 1019 1476 De
1032 1418 1064 1470 4⁷

228 1495 404 1551 benevolentia
415 1503 508 1565 autem,
521 1515 596 1567 quam
609 1497 715 1568 quisque
726 1498 819 1552 habeat
831 1515 892 1568 erga
903 1516 957 1566 nos,
969 1499 1020 1569 pri·

227 1590 298 1627 nrum
315 1572 379 1627 illud
395 1576 435 1627 est
452 1573 479 1627 in
497 1573 585 1641 officio,
601 1577 631 1628 ut
649 1575 673 1628 ei
689 1574 824 1644 plurimum
841 1574 991 1640 tribuamus,
1005 1594 1021 1629 a

228 1667 278 1720 quo
287 1649 423 1720 plurimum
436 1649 578 1720 diligimur:
596 1649 641 1705 sed
653 1650 852 1706 benevolentiam
863 1670 914 1706 non
923 1650 1019 1705 adoles·

227 1726 476 1792 centaurummon,
489 1724 578 1781 ardore
590 1726 698 1796 quodam
711 1728 810 1795 amoris,
823 1727 868 1782 sed
880 1727 1019 1782 stabilitate

227 1802 313 1869 potius
323 1805 350 1857 et
359 1801 503 1857 constantia
507 1801 667 1871 judicemus:
685 1803 725 1858 siu
734 1808 809 1858 emmt
821 1803 955 1868 meritant
967 1821 1019 1857 non

226 1879 345 1943 ineunda,
361 1877 407 1933 sed
423 1877 555 1933 referenda
572 1879 606 1933 sit
623 1879 713 1950 gratia,
731 1882 810 1951 major
826 1879 939 1950 quaedam
957 1897 1019 1933 oura

226 1954 369 2010 adhibenda
386 1957 441 2009 est:
462 1953 560 2010 nullum
578 1955 643 2010 enim
661 1957 769 2010 officium
787 1954 919 2011 referenda
936 1955 1019 2025 gratia

226 2031 310 2102 magis
329 2028 499 2086 necessarium
517 2035 564 2086 est.
601 2032 679 2092 (cuod
697 2033 720 2086 si
737 2049 846 2102 eaquae
864 2030 958 2084 utenda
978 2048 1019 2084 ao·
1030 2033 1062 2079 48

226 2108 332 2180 ceperis,
344 2109 440 2179 majore
455 2125 579 2174 mensura,
593 2109 615 2164 si
631 2108 707 2164 modo
723 2108 812 2179 possis,
825 2108 899 2178 jubet
915 2106 1019 2162 reddere
1067 2164 1069 2167 ,

226 2183 375 2241 Hesiodus:
391 2182 510 2255 quidnam
522 2182 643 2241 beneflcio
654 2185 783 2256 provocati
793 2184 874 2240 facere
883 2183 1019 2239 debemus?
1070 2234 1072 2237 .

226 2280 264 2316 ars
277 2279 330 2316 non
343 2260 438 2315 imitari
455 2277 529 2332 agros
548 2261 652 2329 fertiles,
669 2261 713 2333 qui
730 2260 811 2316 multo
828 2261 884 2332 plus
902 2261 1020 2324 efferunt,

226 2335 302 2410 quam
324 2336 495 2408 acceperunt?
521 2336 625 2392 Etenim
645 2338 715 2393 siin
736 2356 787 2405 eos,
805 2356 868 2408 quos
889 2356 1019 2408 speramus

225 2414 298 2470 uobis
305 2412 467 2485 profuturos,
476 2430 528 2468 non
537 2413 682 2469 dubitamus
692 2415 773 2470 officia
785 2415 898 2468 conferre
909 2434 916 2478 ;
933 2415 1019 2485 quales

225 2491 253 2547 in
264 2509 308 2547 eos
321 2508 377 2546 esse
393 2483 579 2561 debemussqui
590 2495 645 2560 jam
661 2491 832 2561 profuerunt?
856 2489 923 2543 Nam
940 2508 1019 2560 quum

226 2569 277 2624 duo
293 2584 388 2640 mucra
404 2565 563 2621 liberalitatis
580 2568 639 2632 sint,
657 2585 737 2621 unum
755 2565 831 2620 dandi
849 2565 971 2629 beneficii,
986 2563 1021 2617 al·

225 2650 309 2700 terum
321 2641 459 2698 reddendi:
478 2639 575 2709 demus,
586 2660 674 2710 necue,
686 2643 713 2697 in
724 2648 815 2697 nostra
826 2643 954 2710 potestate
966 2643 1006 2692 est
1012 2661 1020 2705 ;

226 2740 277 2777 nou
288 2719 403 2784 reddere,
416 2719 474 2772 viro
482 2717 549 2773 bono
562 2718 692 2783 nonlicet,
706 2718 781 2772 modo
797 2714 823 2770 id
839 2716 922 2769 facere
939 2715 1019 2784 possit

227 2799 280 2853 siue
291 2794 392 2867 injuria
428 2795 598 2864 Acceptorum
611 2798 695 2848 autem
713 2791 889 2848 beneficiorum
903 2796 963 2844 sunt
976 2791 1018 2845 de·

225 2875 308 2931 lectus
320 2869 445 2936 habendi3
463 2888 511 2925 nec
527 2869 639 2940 dubium,
652 2870 715 2942 quin
731 2866 844 2924 maximo
860 2867 959 2938 on'suue
970 2866 1034 2936 ulu-
