2575 3367
295 307 325 353 52
621 305 758 353 LAELlUS

295 433 368 469 casus
383 412 534 484 reipublicae.
570 413 683 468 Deflexit
702 414 768 468 enim
783 413 835 484 jam
854 413 1041 484 aliquantulum
1059 413 1087 467 de

295 492 377 559 spatio
389 489 564 559 curriculoque
577 489 734 544 consuetudo
750 493 881 559 majorum.
906 490 946 545 Ti.
960 491 1086 545 Gracchus

295 585 401 635 regnum
423 584 545 637 occupare
563 571 669 620 conatus
687 572 743 631 est3
763 566 802 620 vel
815 566 970 637 regnavitis
989 568 1087 638 quidem

256 657 284 701 41
296 664 389 715 paucos
408 662 514 699 menses.
550 643 621 697 Num
641 643 702 710 quid
723 643 804 698 simile
828 644 937 714 populus
957 645 1086 700 Romanun

296 724 410 778 audierat
425 728 469 776 aut
482 721 599 776 viderat?
618 722 697 776 Hunc
713 721 788 774 ctiam
807 725 866 790 post
883 726 992 777 mortem
1009 721 1087 777 secuti

296 801 370 853 unrici
387 804 412 853 et
431 799 564 868 propinqui
583 797 644 868 quid
661 797 689 851 in
706 797 735 850 P.
749 797 865 867 Scipione
882 799 1024 865 effecerint,
1037 799 1087 852 sine

295 874 404 930 lacrimis
428 891 480 927 nou
503 891 568 944 queo
592 873 682 928 dicere.
724 872 791 926 Nam
815 872 963 939 Carbonem,
990 890 1087 945 quoquo

296 951 371 1003 niodo
389 950 525 1018 potuimus,
545 954 650 1020 propter
667 953 794 1003 recentem
813 966 913 1018 poenam
930 949 970 1004 Ta
984 949 1088 1005 Gracchi

297 1025 472 1080 sustinuimus.
507 1026 548 1080 De
561 1026 591 1080 (l.
602 1025 710 1080 Gracchi
724 1028 810 1078 antem
829 1024 963 1080 tribunatu
976 1027 1039 1097 quid
1049 1044 1087 1080 ex·

297 1110 417 1172 spectem,
437 1120 488 1156 non
506 1101 568 1156 libet
586 1101 713 1172 augurari
749 1101 833 1169 Serpit
852 1100 943 1156 deinde
964 1121 1015 1169 res,
1036 1120 1087 1174 qua

297 1177 433 1248 proclivius
456 1176 489 1232 ad
512 1177 655 1248 pernicicm,
679 1195 756 1248 quum
780 1175 858 1232 semel
878 1177 963 1246 coepit,
989 1178 1087 1233 labitur.

297 1254 406 1320 Videtis,
419 1253 447 1309 in
457 1252 550 1310 tabella
557 1256 610 1323 jam
618 1255 677 1307 ante
690 1257 785 1323 quanta
793 1252 827 1306 sit
839 1252 907 1307 sacta
918 1251 997 1319 labes,
1011 1255 1088 1325 primo

298 1332 405 1387 Gabinia
422 1331 485 1402 lega,
504 1330 604 1385 biennio
622 1334 706 1384 autem
725 1334 783 1400 post
796 1328 891 1384 Cassia.
927 1329 1024 1385 Videre
1038 1335 1087 1403 jam

297 1407 385 1463 videor
402 1408 523 1478 populum
543 1424 558 1461 a
576 1410 667 1461 senatu
687 1405 851 1476 disjunctum,
868 1404 1088 1478 multitudinisque

298 1483 403 1538 arbitrio
417 1502 458 1537 res
473 1481 593 1536 maximas
610 1481 659 1551 agi
697 1480 786 1535 Plures
802 1479 870 1534 enirn
884 1479 993 1548 discent,
1005 1500 1089 1553 quem·

299 1558 432 1612 admodum
458 1559 511 1612 hnc
532 1557 602 1621 fiant,
624 1574 700 1626 quern
721 1555 931 1626 quemadmodum
955 1557 997 1612 his
1017 1558 1089 1613 resis-

258 1650 290 1694 42
299 1638 376 1688 tatur.
402 1637 527 1699 Quorsum
541 1633 613 1688 bucol
639 1633 705 1699 Quia
717 1633 770 1687 sine
782 1633 856 1688 sociis
868 1652 944 1688 nemo
953 1635 1089 1705 quidquam

299 1712 350 1765 talc
362 1717 475 1765 conatur.
512 1709 712 1780 Praecipiendum
729 1713 769 1764 est
785 1709 864 1780 igitur
879 1709 962 1775 bonis,
975 1716 1014 1777 nt,
1027 1712 1049 1766 si
1064 1711 1089 1765 in

299 1788 424 1860 ejusmodi
446 1788 569 1843 amicitias
592 1786 675 1858 ignari
698 1804 759 1841 casn
783 1785 867 1856 aliquo
890 1786 1035 1854 inciderint,
1059 1806 1090 1843 ne

300 1867 445 1922 existiment
463 1865 500 1920 ita
517 1883 545 1919 se
562 1863 686 1934 alligatos,
699 1866 730 1917 ut
747 1861 779 1916 ab
797 1862 883 1917 amicis
901 1864 929 1917 in
945 1882 975 1919 re
992 1865 1090 1935 publica

300 1942 462 2014 peccantibus
478 1959 530 1996 non
544 1939 689 1997 discedam:
708 1938 830 2008 improbis
846 1943 932 1994 autem
948 1959 1027 2011 poena
1041 1947 1090 1996 sta·

301 2020 396 2074 tuenda
404 2023 458 2074 est:
476 2036 524 2073 nec
533 2035 592 2072 vero
604 2017 687 2071 minor
695 2016 734 2081 iis,
745 2015 788 2086 qui
798 2015 880 2070 secuti
889 2021 966 2072 eruut
976 2017 1088 2080 alterum,

301 2114 374 2166 quarn
387 2096 426 2161 iis,
440 2095 483 2165 qui
494 2095 544 2165 ipsi
555 2093 650 2148 fuerint
662 2092 800 2162 impietatis
812 2091 899 2147 duces.
924 2093 991 2155 Quis
1003 2093 1090 2148 clarior

300 2172 327 2225 in
347 2171 443 2227 Graecia
459 2169 647 2226 Themistocle?
677 2169 734 2239 quis
754 2168 902 2238 potentiori
938 2169 994 2227 Qui
1014 2186 1089 2240 quum

301 2248 437 2315 imperator
457 2247 522 2301 bello
542 2246 647 2300 Persico
671 2244 795 2298 servitute
816 2243 940 2299 Graeciam
960 2245 1089 2299 liberasset

301 2327 453 2392 propterque
470 2321 588 2376 invidiam
606 2322 633 2376 in
651 2321 767 2376 exsilium
783 2320 876 2374 missus
894 2324 970 2388 esset,
987 2321 1089 2391 ingrata

302 2398 389 2467 patria
409 2397 526 2466 injurians
549 2415 600 2451 non
620 2398 689 2464 tulit,
708 2416 782 2468 quam
801 2397 867 2450 serre
889 2396 986 2451 debuit.
1021 2396 1089 2450 Fecit

302 2476 376 2540 idem,
390 2473 457 2544 quod
469 2490 507 2527 xx
518 2473 590 2527 annis
607 2479 667 2528 ante
683 2473 750 2543 apud
764 2491 811 2527 nos
827 2473 923 2527 lecerat
936 2472 1088 2527 Coriolanus.

302 2552 352 2605 His
365 2550 466 2621 adjutor
478 2554 566 2604 contra
581 2551 689 2621 patriam
706 2551 824 2604 inventus
841 2553 881 2602 est
898 2568 988 2604 nemo:
1007 2551 1088 2619 itaque

262 2640 293 2683 43
304 2634 409 2681 mortem
421 2627 470 2681 sibi
481 2631 588 2695 uterque
598 2627 728 2681 conscivit.
754 2627 840 2684 Quare
849 2625 908 2679 talis
921 2625 1088 2695 improborum

303 2703 433 2756 consensio
450 2720 501 2756 non
519 2701 593 2755 modo
605 2703 768 2756 excusatione
786 2701 903 2755 amicitiae
915 2701 1027 2770 tegenda
1042 2718 1089 2754 non

302 2785 349 2841 est,
369 2777 413 2831 sed
433 2779 517 2847 potius
537 2778 605 2831 omni
625 2778 748 2846 supplicio
767 2776 922 2840 vindicanda,
936 2782 968 2831 ut
986 2796 1019 2833 ne
1037 2777 1088 2847 quis

297 2853 373 2925 [sibi]
396 2871 542 2909 concessum
571 2859 653 2925 putet,
679 2854 785 2907 amicum
813 2853 852 2906 sol
881 2853 975 2907 bellum
1006 2853 1089 2924 patric
