2575 3367
484 327 552 377 LIB.
571 327 606 375 Il.
625 329 701 377 CAP.
721 331 760 378 12.
991 332 1022 383 77

225 440 370 511 fugiebant,
391 439 488 494 virtute
509 441 688 508 prestantem
712 441 757 511 qui
780 459 858 511 qnum
880 442 1024 512 pmlriberct

225 518 321 586 injurio
338 517 476 581 tenuiores,
496 517 616 587 equitate
634 517 815 572 constituenda
835 538 946 573 summos
965 538 1023 574 curn

225 593 319 647 infimis
332 593 387 663 pari
396 592 455 663 jure
467 593 601 648 retinebat.
632 594 779 664 Eademque
789 595 1023 650 constituendarum

224 669 313 740 legum
327 669 377 723 luit
389 687 473 734 cansa,
490 689 545 740 quae
557 689 656 741 regum.
691 672 742 725 Jus
757 671 822 726 euim
840 690 939 742 semper
956 677 1064 742 quc-42

224 747 303 801 situm
318 751 359 800 est
371 746 508 817 equabile:
527 747 688 819 nequeenim
701 748 775 802 aliter
791 753 859 803 esset
869 749 921 819 jus.
957 748 989 803 Id
1002 750 1024 804 si

224 823 256 878 ab
269 841 324 876 uno
334 823 406 894 justo
418 828 445 878 et
457 823 523 878 bono
535 825 590 878 viro
602 824 829 895 consequebantur,
838 829 911 879 crant
923 843 954 880 eo
966 845 1023 880 cou-

224 901 302 954 tenti.
337 901 426 960 Quum
438 900 465 954 id
476 901 560 956 minus
572 901 740 972 contingeret,
752 901 821 972 leges
833 907 894 956 sunt
906 903 1023 970 inventor,
1097 920 1099 925 ’

225 996 284 1048 quae
296 995 355 1032 cum
368 977 485 1032 omnibus
497 996 596 1048 semper
607 997 659 1033 una
674 983 752 1050 atque
763 979 849 1033 eadem
863 998 925 1034 voce
937 980 1024 1050 loque-

225 1059 325 1109 rentur.
353 1055 424 1126 Ergo
436 1055 484 1109 boc
496 1055 598 1126 quidem
610 1057 771 1126 perspicuum
784 1060 832 1120 est,
845 1074 889 1111 eos
901 1056 933 1110 ad
944 1058 1023 1128 impe-

225 1131 335 1186 randum
353 1131 431 1202 deligi
446 1130 543 1199 solitos,
555 1149 663 1202 quorum
681 1131 713 1186 de
726 1133 830 1201 justitia
847 1151 938 1203 magna
955 1138 1024 1188 esset

225 1209 314 1279 opinio
334 1207 515 1263 multitudinis.
559 1208 689 1277 Adjuncto
710 1227 779 1273 vero,
798 1214 830 1262 ut
849 1209 924 1263 iidem
946 1212 1023 1264 etiam

225 1285 367 1358 prudentes
378 1285 540 1353 haberentur,
552 1285 615 1340 nihil
632 1289 696 1350 erat,
708 1285 777 1357 quod
792 1286 905 1339 homines
918 1286 949 1340 iis
965 1304 1024 1340 auc-

226 1362 327 1418 toribus
346 1379 399 1416 uon
419 1379 494 1432 posse
515 1361 686 1433 consequire
710 1362 900 1416 arbitrarentur.
946 1362 1024 1416 Omni

225 1438 309 1510 igitur
326 1439 426 1493 ratione
446 1437 552 1493 colenda
568 1443 595 1493 et
612 1437 745 1493 retinenda
760 1439 861 1507 justitia
878 1441 926 1504 est,
944 1458 1023 1509 quum

227 1516 282 1585 ipsc
294 1521 400 1586 propter
416 1533 479 1579 sese,
499 1516 568 1584 (nem
584 1515 659 1569 aliter
674 1515 777 1584 justitia
793 1533 845 1569 non
861 1520 950 1581 esset)
966 1520 1022 1570 tum

227 1596 333 1662 propter
345 1591 562 1662 amplificationem
580 1591 684 1645 honoris
696 1595 722 1646 et
739 1591 833 1662 glorie.
870 1593 922 1647 Sed
937 1596 967 1646 nt
980 1612 1023 1663 pc·

228 1670 309 1724 cuniae
321 1686 375 1722 non
386 1667 527 1738 quaerendre
540 1667 621 1722 solum
633 1671 699 1722 ratio
716 1672 763 1733 est,
777 1687 865 1722 verum
883 1669 960 1723 etiem
973 1670 1024 1724 col-

227 1745 347 1810 locandae,
362 1763 417 1816 quar
429 1748 567 1814 perpetuos
582 1749 700 1815 sumptus
716 1744 871 1815 suppeditet,
882 1764 929 1799 uec
941 1745 1022 1799 solum
1105 1774 1111 1787 ·

226 1821 391 1886 necessarios,
405 1819 451 1876 sed
463 1820 540 1875 etiam
552 1820 684 1875 liberales:
703 1821 740 1875 sie
752 1821 833 1890 gloria
844 1827 871 1875 et
889 1822 1024 1891 qurerenda

227 1903 253 1952 et
265 1896 413 1953 collocanda
424 1897 522 1951 ratione
534 1901 582 1952 est.
609 1898 768 1969 Quamquam
778 1897 896 1967 preclare
906 1899 1022 1951 Socrates
1030 1899 1061 1945 48

226 1975 296 2028 lanc
308 1977 378 2027 eiam
390 1973 428 2026 ad
435 1974 551 2042 ‚proriam
561 1975 716 2044 proximam
733 1983 756 2027 et
772 1974 849 2043 quari
860 1974 1024 2042 cmnpendr'c-

226 2052 298 2104 riam
316 2049 417 2104 dicebat
433 2067 489 2116 esee,
501 2049 527 2102 ai
543 2050 603 2118 qnia
619 2050 650 2102 id
664 2060 756 2119 operer,
776 2059 813 2113 ut,
832 2051 919 2118 qualit
935 2049 1026 2102 baberi

226 2127 306 2194 vellet,
318 2126 381 2180 talio
392 2134 460 2179 emet.
497 2124 609 2184 Quodsi
624 2126 669 2197 qui
685 2124 845 2179 simulatione
862 2128 889 2178 et
903 2125 971 2179 inani
984 2143 1025 2180 os·

226 2202 378 2268 tentatione,
391 2206 417 2256 et
429 2202 490 2256 ficto
502 2219 554 2255 non
566 2200 641 2256 modo
654 2220 777 2268 sermone,
790 2201 835 2256 sed
852 2201 929 2256 etiam
940 2202 1023 2270 vultu,

226 2279 345 2335 stabilem
361 2297 388 2333 se
405 2278 511 2348 gloriam
527 2279 648 2349 consequi
664 2296 738 2347 posse
752 2283 848 2345 rentur,
861 2279 1023 2333 vehementer

226 2360 322 2412 errant.
361 2355 430 2409 Vera
446 2355 528 2426 gloria
544 2355 641 2409 radices
660 2354 722 2425 agit,
740 2361 816 2425 atque
835 2356 911 2410 etiam
932 2373 1024 2426 propa·

226 2438 318 2504 gatur:
338 2431 399 2486 ficta
411 2431 496 2485 omnia
507 2431 630 2498 celeriter,
640 2435 769 2502 tamquam
778 2431 883 2498 flosculi,
893 2431 1021 2497 decidunt,

224 2528 272 2565 uec
285 2507 433 2564 simulatum
446 2511 531 2577 potest
541 2507 677 2579 quidquam
689 2525 745 2562 esse
754 2507 910 2562 diuturnum.
932 2509 1022 2561 Testes

226 2591 286 2642 sunt
299 2584 422 2656 permulti
431 2584 458 2638 iu
469 2588 728 2654 utramquepartem:
746 2584 790 2638 sed
802 2583 934 2638 brevitatis
947 2600 1023 2636 eausa

226 2662 322 2718 lamilie
334 2661 429 2716 erimus
446 2660 561 2715 contenti
578 2678 636 2721 uua.
672 2661 785 2714 Tienim
803 2659 939 2722 Gracchus,
953 2659 982 2712 P.
992 2658 1021 2712 F.

227 2741 325 2795 tamdiu
346 2737 499 2802 laudabitur,
524 2736 583 2791 dum
604 2737 725 2790 memoria
744 2755 830 2790 rerum
851 2737 1021 2789 Romenanrm

227 2816 357 2882 manebit;
386 2818 412 2868 at
434 2815 489 2884 ejus
510 2813 554 2867 lilii
572 2831 619 2867 nce
637 2814 688 2868 vivi
707 2812 879 2883 probabuntur
896 2811 977 2876 bonis,
996 2814 1022 2865 et

228 2893 322 2949 mortui
333 2910 470 2954 numerum
482 2890 599 2945 obtinent
607 2893 667 2959 jure
680 2906 809 2944 cesorum.
