2575 3367
471 333 538 381 Lrn.
553 332 590 380 11.
608 330 682 381 CAP.
699 335 725 392 6,
742 336 764 384 7.
991 335 1022 384 69

262 449 441 516 Quaecumque
452 446 532 516 igitur
545 447 659 501 homines
672 447 767 501 homini
783 446 901 502 tribuunt
916 447 954 500 ad
964 465 1024 500 eum
1032 453 1062 500 21

224 525 379 593 auperulum
391 533 466 593 atque
478 524 675 588 borrenundum,
688 529 733 578 eut
749 523 930 578 benevolentiae
942 523 1025 593 gratia

227 601 337 664 fuciunt,
352 617 430 670 quum
449 598 533 666 aliqua
550 600 582 653 de
594 618 672 654 causa
687 601 830 671 quempiam
848 600 966 670 diligunt,
980 604 1025 653 aut

225 677 341 737 bononis,
353 676 376 730 si
387 679 461 744 cujus
476 676 598 730 virtutem
617 677 768 746 suspiciunt,
782 695 907 747 quemque
920 675 1025 745 dignum

225 755 333 806 fortuna
344 770 420 822 quam
437 752 590 822 amplissime
607 758 707 822 putant,
721 759 766 807 eut
783 752 825 808 cui
844 752 917 807 fidem
930 751 1025 807 hebent

225 838 253 883 et
267 830 332 883 bene
343 828 419 883 rebus
432 829 485 882 suis
497 829 629 884 consulere
641 829 805 894 arbitrantur,
819 835 864 883 aut
876 835 950 898 cujus
963 846 1025 900 opes

226 911 364 961 metuunt:
383 911 429 960 aut
447 911 543 972 contre,
563 925 578 961 a
596 908 689 978 quibus
707 907 801 979 aliquid
819 912 976 979 exspectant,
994 911 1026 962 ut

227 1003 307 1053 quum
329 1001 402 1054 reges
427 983 592 1054 popularesve
616 985 732 1039 homines
757 984 905 1056 largitiones
929 985 1026 1055 aliquas

227 1066 375 1131 proponunt
387 1082 394 1125 ;
412 1065 457 1115 aut
469 1066 597 1131 postremo
609 1064 693 1132 pretio
705 1081 735 1117 ec
747 1061 862 1117 mercede
878 1062 1027 1128 ducuutnr3
1048 1093 1052 1102 ι

229 1157 286 1208 quae
298 1137 471 1203 sordidissime
483 1135 523 1193 esi
535 1139 578 1193 illa
587 1139 689 1210 quidem
702 1140 767 1193 ratio
780 1144 806 1193 et
815 1140 1027 1209 inquinatissima,

228 1221 256 1269 et
275 1215 315 1281 iis,
327 1215 371 1285 qui
389 1232 419 1268 ea
434 1219 563 1280 tenentur,
583 1220 610 1270 et
628 1215 685 1281 illis,
705 1217 749 1286 qui
767 1215 799 1269 ud
816 1235 872 1270 earu
890 1216 1027 1285 confugere

229 1295 363 1346 conantur.
399 1291 469 1346 Male
481 1293 587 1347 enimse
599 1311 640 1348 res
653 1292 737 1357 habet,
751 1312 837 1363 quum,
851 1293 919 1362 quod
932 1293 1028 1346 virtute
1037 1307 1068 1352 22

171 1370 173 1375 '
229 1367 294 1422 effici
307 1366 390 1431 debet,
403 1367 430 1421 id
441 1372 557 1422 tentatur
568 1369 768 1439 pecunie-Sed
778 1369 894 1439 quoniam
905 1386 1029 1422 nonnum·

230 1463 307 1516 quem
320 1444 368 1498 lroo
380 1444 519 1499 subsidium
532 1446 700 1500 necessarium
713 1450 761 1510 est,
772 1445 980 1516 quemadmodum
994 1446 1028 1499 sit

229 1519 353 1574 utendum
367 1538 406 1587 eo,
417 1520 538 1587 dicemus,
549 1521 572 1576 si
590 1522 660 1592 priua
677 1521 709 1576 iis
722 1521 753 1576 de
768 1521 853 1585 rebus,
866 1541 922 1592 quae
938 1522 1028 1576 virtuti

229 1599 362 1667 propiores
380 1602 449 1658 sunt,
466 1597 612 1654 dixerimus.
648 1600 735 1670 Atque
750 1599 827 1653 etiam
844 1599 990 1669 subjiciunt
1003 1617 1029 1653 ae

229 1675 349 1727 homines
361 1675 472 1743 imperio
481 1675 590 1728 alteriue
600 1684 624 1729 et
634 1677 754 1745 potestati
766 1675 797 1729 de
809 1676 893 1730 causis
905 1675 1027 1745 pluribus.

229 1751 371 1804 Ducuntur
382 1751 448 1804 euim
460 1755 506 1805 aut
518 1750 702 1818 benevolentia,
711 1756 756 1806 aut
770 1752 947 1806 beneficiorum
959 1769 1029 1820 mag·

229 1827 356 1892 nitudine,
369 1831 414 1881 aut
426 1827 558 1897 dignitatis
570 1829 725 1898 prestantia,
738 1834 783 1882 aut
799 1847 853 1899 spe,
866 1828 913 1883 sibi
927 1827 952 1880 id
966 1828 1028 1883 utile
1044 1863 1046 1866 <

229 1904 356 1969 futurum,
369 1908 413 1958 aut
426 1909 504 1970 metu,
513 1923 545 1958 ne
556 1905 583 1958 vi
595 1922 683 1974 parere
692 1910 824 1976 coguntur,
838 1910 883 1958 aut
895 1922 940 1974 spe
952 1903 1029 1973 largi-

229 1981 309 2035 tionis
329 1981 510 2051 promissisque
530 1981 614 2051 cepti:
641 1985 688 2036 sub
708 1986 845 2051 postremo,
863 1987 894 2035 ut
915 1999 982 2048 soepe
1001 1980 1029 2035 in

171 2068 173 2077 '
228 2061 320 2112 nostra
331 2056 460 2127 republica
472 2056 594 2124 videmus,
606 2056 723 2112 mercede
735 2056 863 2112 conducti.

266 2133 330 2188 VII.
349 2134 467 2188 Omnium
479 2139 564 2189 eutem
576 2152 661 2188 rerum
673 2152 721 2188 nec
739 2134 824 2204 aptius
838 2137 879 2188 est
891 2132 1025 2204 quidquam
1038 2149 1069 2194 23

228 2210 261 2266 ad
270 2228 333 2280 opes
342 2210 457 2278 tuendas,
467 2228 542 2281 quam
550 2211 651 2281 dicim
669 2229 716 2265 nec
725 2210 920 2282 alienius,quem
932 2212 1028 2266 tineosi.

228 2287 356 2342 Praeclare
368 2287 435 2342 enirn
447 2288 545 2342 Ennius
555 2309 562 2342 ι

243 2413 321 2469 Quem
330 2417 447 2468 metuunt,
455 2413 524 2460 odere
533 2427 538 2460 ι
554 2427 624 2473 quern
633 2414 731 2474 quisque
740 2413 799 2472 odit,
812 2414 905 2474 periisse
914 2413 1012 2473 bxpetit

171 2554 173 2563 ’
229 2529 375 2584 Multorum
391 2532 477 2582 eutem
498 2527 562 2583 odiis
581 2527 663 2582 nullas
683 2545 744 2599 opes
762 2546 837 2598 posse
855 2527 986 2591 obsistere,
1005 2526 1028 2581 si

228 2614 306 2661 antea
324 2605 375 2659 fuit
395 2605 520 2675 ignotum,
541 2623 623 2675 nuper
647 2608 687 2659 est
711 2605 850 2675 cognitum.
887 2605 944 2657 Nec
967 2620 1027 2656 vero

229 2684 307 2754 hujus
319 2681 422 2754 tyranni
434 2681 524 2748 solum,
536 2699 611 2752 quem
624 2681 700 2735 armis
712 2698 834 2751 oppresse
849 2678 954 2749 pertulit
967 2678 1028 2732 civi·

228 2767 276 2826 tas,
290 2763 415 2831 paretque
428 2777 506 2827 quum
522 2757 631 2811 menime
648 2763 758 2821 mortuo,
771 2756 891 2809 interitus
908 2753 1027 2818 declaret,

230 2841 356 2908 quantum
369 2835 455 2888 odium
467 2835 596 2888 hominum
610 2833 718 2888 valetud
731 2837 845 2903 pestem:
863 2831 908 2884 sed
921 2831 1027 2900 reliquo-

230 2932 285 2969 rum
298 2912 394 2969 similes
406 2911 490 2966 exitus
502 2916 684 2982 tyrannorum
703 2927 811 2980 quorum
820 2907 889 2962 band
898 2907 951 2962 lere
961 2908 1028 2977 quia·
