2575 3367
293 310 324 360 1⁶
571 309 663 357 CATO
681 307 800 357 MAJOR

292 421 314 475 si
325 418 420 475 nemini
431 418 574 488 mancipata
585 422 632 484 est,
643 419 666 473 si
677 417 799 489 usquead
810 420 958 473 extremm
970 419 1026 491 spiri

292 495 436 550 dominatur
451 495 478 550 in
494 511 562 549 suos.
598 496 635 549 Ut
650 495 717 548 enim
733 493 929 560 adolescentem,
942 495 971 550 iu
988 515 1026 568 qu«

291 571 342 626 nile
359 570 460 643 aliquid,
474 570 511 625 sic
523 588 616 636 senem,
630 571 658 625 in
674 587 725 642 qno
740 573 780 626 est
797 569 893 641 aliquid
910 571 1026 627 adoleace

291 647 386 718 probo;
404 646 472 719 quod
489 646 532 718 qui
550 646 672 717 seqnitur,
688 664 792 718 corpore
809 664 889 702 senex
907 664 967 702 esse
985 653 1026 720 pot

292 725 375 780 auimo
392 741 529 794 numquam
547 722 604 777 crit.
641 723 772 793 Septimus
788 722 853 777 mibi
870 723 1007 795 Originum
1024 725 1026 730 ’

291 805 331 855 est
343 801 370 854 in
381 799 512 865 manibus;
531 799 616 852 omnia
626 799 786 870 antiquitatis
800 803 970 855 monumenta
981 800 1026 855 coll

291 893 423 931 causarum
440 874 585 939 illustrium,
603 892 773 946 quascumque
791 873 901 939 delendi,
921 894 992 931 nunc
1008 895 1025 946 q

291 950 399 1006 maxime
419 950 524 1005 conficio
546 951 688 1016 orationes;
708 950 751 1021 jus
772 968 907 1021 augurum,
928 952 1026 1022 pontilla

291 1026 364 1082 civile
381 1030 480 1092 tracto;
502 1025 611 1080 multum
632 1026 708 1080 etiam
725 1027 818 1081 Graecis
837 1025 921 1081 literis
940 1032 1015 1094 utor;

291 1102 521 1173 tbagcreorumque
537 1119 607 1157 more
618 1101 765 1157 exercendae
779 1102 908 1158 memoriae
920 1105 1012 1175 gratia,

291 1196 392 1250 quoqus
409 1177 450 1232 die
466 1177 580 1242 dixerim,
593 1177 722 1246 audierim,
734 1177 836 1249 egerim,
849 1195 1021 1236 commemoro

291 1255 353 1325 peri.
389 1256 438 1308 Hm
463 1257 524 1308 aunt
547 1253 740 1309 exercitationes
760 1254 865 1325 ingenii,
884 1255 941 1311 haec
962 1257 1026 1312 curri

291 1330 400 1397 mentis;
418 1331 446 1384 in
461 1329 501 1384 his
514 1328 638 1384 desudans
652 1333 728 1402 atquo
740 1329 878 1395 elaborans,
892 1333 1026 1402 corporisr

291 1425 343 1461 non
359 1424 452 1477 magno
469 1423 545 1476 opere
563 1405 684 1460 desidero.
720 1406 817 1460 Adsum
835 1407 940 1474 amieis;
965 1409 1026 1464 veni·

291 1487 408 1537 senatum
429 1481 547 1553 frequens
567 1481 686 1553 ultroque
707 1482 784 1537 affero
802 1500 843 1537 res
864 1484 975 1538 multum
997 1489 1024 1540 et

291 1558 423 1627 cogitatas,
449 1575 542 1627 easque
565 1560 639 1612 tueor
663 1557 747 1623 animi,
770 1576 823 1612 non
846 1559 961 1629 corporis
980 1560 1026 1614 viri

292 1632 357 1690 Quae
370 1632 393 1686 ai
404 1633 508 1701 exsequi
523 1633 661 1704 nequirem,
674 1636 760 1688 tamen
770 1651 811 1687 me
823 1632 934 1688 lectulus
946 1634 1026 1690 obleot

290 1725 414 1772 menaea
428 1707 485 1778 ipsa
496 1708 659 1778 cogitantem,
672 1713 790 1778 quaejam
807 1727 882 1778 agere
898 1726 952 1763 non
968 1728 1026 1780 posu

291 1783 336 1838 sed
356 1787 387 1838 nt
408 1783 510 1854 possim,
529 1783 590 1838 lacit
611 1789 668 1839 acta
685 1785 745 1839 vita.
781 1784 885 1853 Semper
906 1785 976 1839 enim
999 1785 1026 1840 in

290 1859 381 1915 studiis
405 1858 584 1931 laboribusque
608 1859 704 1914 viventi
726 1877 779 1913 nou
801 1858 964 1928 intelligitur,
985 1879 1026 1932 qur

290 1935 395 2006 obrepat
408 1942 534 1990 senectus.
567 1935 611 1990 Ita
623 1935 717 1990 sensim
728 1935 783 1990 sine
794 1953 871 1988 sensu
883 1938 947 1990 aetas
959 1954 1026 1991 sene

289 2035 337 2072 nec
349 2016 435 2072 subito
447 2015 581 2086 frangitur,
593 2014 638 2070 sed
650 2015 818 2070 diuturnitate
830 2015 1015 2087 exstinguitur.

251 2104 283 2150 89
324 2092 388 2146 XII.
408 2092 528 2164 Sequitur
539 2092 616 2146 tertia
624 2091 777 2162 vituperatio
789 2092 938 2158 senectutis,
948 2092 1019 2163 quod

291 2185 377 2222 carcre
389 2168 477 2224 dicunt
490 2166 669 2238 voluptatibus.
692 2167 872 2236 Oprreclarum
884 2185 982 2223 munus
994 2171 1026 2224 ret

292 2242 313 2296 si
335 2242 436 2314 quidem
458 2243 486 2298 id
505 2244 587 2298 aufert
610 2242 691 2306 nobis,
712 2241 779 2312 quod
799 2245 839 2297 est
862 2241 891 2295 iu
915 2243 1026 2299 adolescr

291 2318 498 2373 vitiosissimum!
528 2319 646 2389 Accipite
658 2318 731 2382 enim,
745 2317 835 2388 optimi
846 2316 1026 2385 adolescentes,

290 2397 371 2448 terem
390 2394 530 2448 orationem
549 2395 668 2466 Archyta
684 2393 822 2458 Tarentini,
841 2395 928 2464 magni
949 2395 978 2450 in
998 2414 1026 2466 pr

291 2474 318 2525 et
341 2469 454 2540 praeclari
475 2470 529 2538 viri,
551 2490 606 2541 qum
629 2471 692 2525 mibi
714 2469 809 2524 tradita
832 2474 879 2533 est,
901 2489 984 2541 quum
1004 2491 1026 2527 ea

291 2545 436 2601 adolescens
455 2546 559 2601 Tarenti
578 2565 636 2600 cum
655 2546 819 2605 &Maximo
854 2546 972 2601 Nullam
989 2567 1026 2618 eq

290 2623 382 2676 liorem
400 2633 500 2692 pectem,
518 2641 597 2693 quam
614 2623 732 2692 corporis
752 2622 915 2692 uoluptatem,
933 2623 1026 2677 bomin

291 2697 390 2752 dicebat
405 2715 423 2750 α
437 2708 536 2751 natura
547 2698 656 2761 datam
674 2699 749 2766 cujas
764 2698 906 2766 voluptatis
922 2699 1025 2752 acido,

281 2775 362 2831 dibeo
378 2783 470 2831 umere
487 2782 511 2830 et
529 2773 648 2846 effrenate
665 2773 701 2824 nd
719 2772 876 2841 potiendum
900 2774 1026 2828 incitarem

225 2860 264 2907 40
271 2855 358 2912 Hinc
370 2854 478 2931 patrico
488 2851 669 2930 proditiones,
679 2848 744 2902 blaa
756 2845 1006 2912 rerumquml'mnrum
1017 2869 1026 2900 <
