2575 3367
326 330 373 377 ¹²⁴
613 362 662 411 nn
680 354 833 408 orrrerrs

358 434 433 489 xm
457 433 549 505 Itaque
571 434 592 488 si
610 434 747 489 virbonus
765 433 858 489 habeat
875 432 945 489 hanc
962 435 1023 499 vim,
1041 440 1098 497 ut‚s

324 510 411 581 digitis
430 510 614 580 concrepuerit,
635 510 715 580 possit
735 510 762 565 in
779 509 948 578 locupletium
967 512 1098 565 testaruent·

323 606 415 641 nomen
433 588 489 658 ejus
506 587 624 655 irrcpcre,
640 587 688 641 hac
707 586 734 641 vi
749 604 801 640 non
818 590 918 651 utatur,
936 604 971 640 ne
995 583 1098 655 siexplo

324 668 408 717 ratum
430 663 530 734 quidem
551 660 650 725 lrabeat,
671 660 698 716 id
721 662 824 716 omnino
847 660 979 715 neminem
1003 678 1098 731 nunquan

325 740 519 810 suspicaturum.
552 738 588 791 At
604 736 677 791 dares
693 738 758 793 hanc
775 737 827 792 vim
843 736 883 791 M.
896 738 1003 803 Crasso,
1017 742 1046 793 nt
1057 734 1098 805 dlgi

324 823 410 870 torum
430 814 592 886 percussione
612 814 686 869 heres
707 818 795 885 posset
814 813 929 883 scriptus
948 831 1015 879 esse,
1034 812 1098 883 quir

323 909 384 945 vcra
403 908 454 944 non
477 896 545 945 esset
566 890 654 957 heres;
681 890 709 945 in
732 890 795 956 loro,
815 888 879 943 mihi
902 888 990 957 crode,
1011 889 1098 944 salure

325 968 411 1019 Homo
428 971 515 1021 autern
530 969 619 1035 justus
638 967 720 1037 isque,
740 983 814 1037 quem
833 964 961 1019 sentimus
974 966 1057 1021 virum
1075 963 1098 1018 bt

325 1060 394 1105 num,
415 1041 479 1097 nihil
497 1041 622 1112 cuiquam,
641 1042 709 1113 quod
727 1042 755 1096 in
775 1060 802 1095 se
822 1040 974 1109 transierat,
996 1040 1098 1096 domne

326 1116 385 1171 lluc
406 1117 450 1187 qui
467 1117 612 1182 admiratur,
631 1118 654 1172 is
671 1136 707 1184 se,
723 1116 785 1188 quid
802 1116 836 1171 sit
853 1115 893 1169 vir
912 1115 1007 1181 bonus,
1026 1116 1098 1171 nescir

285 1192 316 1243 76
327 1192 446 1247 fateatur.
482 1193 518 1247 nt
539 1211 608 1257 vero,
627 1193 650 1247 si
671 1193 714 1264 qui
731 1192 840 1247 voluerit
861 1190 940 1246 animi
959 1192 1003 1247 sui
1021 1191 1098 1262 compl

326 1272 408 1323 catam
421 1268 548 1324 notionem
557 1269 679 1333 evolvere,
690 1269 743 1339 jam
756 1286 783 1323 se
795 1267 849 1338 ipse
858 1266 960 1332 doceat,
970 1286 1030 1323 eum
1041 1268 1098 1323 vinu

326 1344 419 1399 bonum
436 1363 499 1409 esse,
512 1344 557 1416 qui
573 1344 662 1413 prosit,
676 1344 767 1416 quibus
785 1343 881 1415 possit:
907 1348 1004 1399 noceat
1019 1345 1097 1399 nemin

325 1422 373 1475 nisi
393 1421 525 1476 lacessitus
545 1420 644 1489 injuria
682 1420 751 1480 Quid
769 1421 849 1491 ergcl’
880 1419 933 1474 Hie
951 1438 1008 1475 non
1025 1434 1098 1475 nocet*

326 1497 370 1567 qui
390 1497 499 1566 quodam
519 1496 591 1567 qnasi
611 1514 709 1550 veneno
729 1496 849 1566 perficiat,
867 1498 899 1549 ut
921 1514 999 1551 veros
1016 1494 1098 1552 herede

325 1576 435 1636 moveat,
448 1572 475 1625 in
486 1590 574 1625 eornm
587 1571 669 1626 locum
681 1571 737 1641 ipse
755 1571 894 1627 succedat?
937 1572 1022 1626 ‘Non
1039 1574 1098 1644 ipa·

316 1647 423 1717 faeiat,'
437 1645 541 1715 (dixerit
553 1648 630 1715 quis.)
644 1647 730 1718 ‘quod
744 1647 809 1701 utile
826 1647 868 1711 eit,
882 1646 955 1717 quod
972 1650 1089 1719 expadrbt

326 1722 408 1776 Immo
420 1721 552 1793 intelligat,
564 1723 626 1777 nihil
638 1740 685 1777 nec
697 1722 822 1793 expedire,
835 1739 882 1776 nec
897 1722 963 1777 utile
976 1742 1042 1792 esse,
1054 1742 1086 1795 qn

326 1798 360 1851 sit
372 1797 501 1867 injustum.
529 1800 587 1852 IIoc
599 1799 642 1869 qui
655 1816 705 1852 non
717 1797 840 1863 didicerit,
853 1797 935 1852 bonus
948 1800 991 1853 vir
1003 1818 1081 1856 esser

285 1878 316 1929 77
326 1875 428 1946 poterit.
453 1874 587 1929 Fimbriam
600 1874 757 1929 consularem
766 1873 896 1928 audiebam
907 1873 939 1928 de
948 1880 1025 1945 patre
1034 1894 1074 1931 noe

326 1970 389 2021 puer
396 1950 507 2021 judicem
523 1952 561 2003 M.
571 1950 675 2005 Lutatio
687 1950 796 2004 Pinthiae
809 1950 894 2013 luisse,
908 1951 993 2021 equiti
1007 1954 1068 2007 Rom

325 2046 385 2083 saue
401 2027 516 2092 honesto,
533 2045 611 2097 quum
629 2026 652 2080 is
668 2027 827 2096 sponsionem
844 2025 955 2091 lecisset,
968 2043 1001 2081 m
1014 2044 1060 2083 vm

326 2119 379 2158 nus
392 2120 479 2158 essen.
514 2103 606 2174 Itaque
621 2101 645 2156 ei
660 2102 753 2156 dixisse
770 2100 915 2167 Fimbriam,
928 2120 954 2156 se
971 2104 1051 2159 albam

325 2197 471 2249 saumquam
481 2180 678 2249 judicaturum,
690 2197 723 2232 ae
738 2188 785 2232 aut
800 2180 924 2249 spoliaret
932 2179 1014 2250 sama
1028 2198 1048 2251 p

325 2262 382 2307 tum
400 2255 538 2321 homiuum,
558 2255 583 2307 η’
603 2264 693 2308 contra
710 2254 882 2323 jaadicavs'aset
891 2271 905 2318 ,¹
930 2265 981 2310 aut
1002 2266 1042 2311 stc

326 2329 461 2394 sisteretur,
473 2331 563 2383 virum
575 2330 671 2383 donum
686 2330 799 2400 alr'quem
812 2348 869 2391 csse,
881 2348 965 2400 quum
977 2349 1008 2385 ca
1024 2352 1037 2387 r

326 2403 524 2456 numerabilibus
541 2405 633 2474 officiis
650 2415 673 2459 et
688 2406 811 2460 laudibm
827 2407 1013 2461 comitteretur.

325 2479 405 2551 igitur
417 2478 471 2532 viro
482 2478 555 2547 bono,
569 2499 643 2552 quem
656 2480 768 2535 Fimbria
781 2482 865 2547 etiam,
877 2498 929 2534 non
941 2483 1020 2538 modo

325 2560 365 2611 tes
385 2558 497 2619 noverat,
517 2556 586 2610 nullo
607 2557 682 2610 modo
701 2557 782 2611 videri
800 2562 884 2627 potest
904 2557 1017 2628 quidque

327 2633 396 2697 utile,
419 2632 486 2703 quod
505 2650 557 2685 non
577 2633 712 2686 honestum
734 2633 775 2687 sit.
813 2634 903 2702 Itaque
924 2633 985 2687 talis
1008 2655 1013 2665 ·

326 2709 401 2764 modo
414 2709 503 2776 lacere,
513 2707 558 2762 sed
569 2726 600 2762 ne
613 2709 725 2777 cogitare
741 2707 840 2779 quidem
854 2707 992 2778 quidquam

326 2784 394 2855 quod
406 2801 456 2837 non
468 2783 559 2838 audeat
576 2783 718 2853 praedicare.
755 2786 819 2838 Haec
834 2801 886 2837 non
903 2787 981 2854 turpe
994 2804 1000 2836 ι

324 2864 380 2914 tare
399 2859 566 2930 philosophos,
584 2878 639 2931 quae
658 2878 690 2913 ne
709 2860 798 2915 rustici
817 2859 918 2930 quidem
939 2859 992 2916 dub
