2575 3367
500 303 569 353 LlB.
589 307 639 355 ΙΙΙ.
658 310 733 359 ΟΑΡ.
751 315 789 358 2⁰.
991 313 1037 359 125

171 452 175 487 ι,
243 418 337 488 quibus
349 419 488 471 natumest
500 416 534 481 id,
548 417 615 489 quod
628 418 682 487 jam
699 417 837 473 contritum
853 419 893 472 est
908 421 1037 475 vetustate

242 493 415 564 pruverbium.
451 493 537 552 Quum
552 493 618 547 euim
631 493 707 548 fldem
723 493 831 563 alicujus
848 492 1037 567 bonitatemque

241 569 356 637 laudant,
368 569 481 639 ἀίριιιιιιι
493 586 549 623 esse
561 568 658 635 dicunt,
670 572 776 640 quicum
788 572 819 623 ιἰι
834 570 941 624 remim
951 573 1035 627 micea.

172 652 176 656 ’
241 647 304 700 Ηοι
322 663 399 716 quam
416 644 493 699 habet
510 645 570 709 vim,
583 644 633 699 nisi
650 644 726 712 illam,
743 644 807 699 nihil
825 644 950 715 expedire,
967 647 1035 716 quod

240 740 290 776 nou
304 722 402 788 deccat,
411 721 488 776 etiam
500 720 523 774 si
533 720 560 775 id
572 720 662 790 possis,
675 720 745 774 nullo
753 719 892 788 refellente,
900 721 1034 778 obtinere?

173 818 185 863 '.
241 797 363 862 Videsne,
382 796 431 851 hcc
448 796 581 867 proverbio
602 814 685 866 neque
704 795 772 867 Gygi
787 796 825 852 illi
841 814 916 867 posse
936 798 1033 852 veniam
1045 803 1076 854 78

239 873 303 940 dari,
315 889 399 943 neque
410 872 478 938 huic,
494 890 569 943 quem
581 871 667 943 paullo
679 877 739 927 autc
755 872 881 941 fingebam
897 871 1035 942 digitorum

238 949 405 1019 percussione
416 947 571 1003 hereditates
582 947 695 1003 omnium
707 964 781 1018 posse
793 950 961 1004 converrerat
995 950 1035 1004 Ut

238 1029 317 1090 euim,
338 1022 408 1095 quod
429 1027 504 1092 turpe
523 1027 571 1088 cst,
593 1022 627 1088 id,
649 1023 763 1093 quamvis
780 1024 930 1090 occultetur,
948 1030 1035 1080 tamen

236 1101 377 1155 honestum
388 1099 443 1153 fieri
454 1098 524 1154 nullo
539 1098 615 1154 modo
632 1103 736 1168 potest:
755 1100 799 1165 sic,
814 1100 883 1171 quod
898 1101 1033 1156 honestum

235 1192 291 1231 non
302 1178 352 1242 cst,
364 1174 390 1229 id
402 1174 465 1229 utile
481 1179 512 1230 ut
527 1174 571 1240 sit,
585 1174 649 1230 effici
666 1192 720 1229 uon
735 1180 829 1246 potest,
843 1176 992 1232 adversante
1005 1182 1033 1233 et

238 1254 402 1322 repugnante
412 1254 512 1305 natura.

271 1329 331 1382 XX
351 1327 388 1382 At
411 1326 486 1391 cuim,
510 1344 589 1396 quum
613 1344 751 1399 permagna
773 1327 876 1399 praemia
899 1330 967 1392 sunt,
991 1332 1031 1383 ast
1041 1338 1073 1389 79

236 1421 315 1459 causa
327 1401 455 1472 peccandi.
480 1403 507 1456 0.
516 1402 616 1457 Marius
625 1421 704 1474 quum
717 1422 788 1474 aspa
798 1403 944 1458 consulatus
956 1403 1032 1474 longa

234 1479 347 1544 abesset,
360 1481 450 1547 etjam
462 1477 598 1549 septimum
611 1496 705 1534 aunum
717 1484 775 1550 post
787 1483 924 1551 praeturam
933 1483 1032 1548 jaceret

234 1573 321 1626 neque
332 1554 461 1625 petiturus
472 1571 591 1625 umquam
604 1556 764 1610 consulatum
775 1556 911 1621 videretur,
925 1556 959 1615 0„
972 1557 1032 1611 Mc·

235 1631 335 1695 tellum,
355 1630 427 1699 cujus
445 1629 545 1701 legatus
565 1634 629 1698 erat,
650 1650 776 1686 summurn
796 1632 879 1686 virum
896 1636 923 1686 ct
940 1631 1029 1699 civem,
1048 1642 1050 1645 ’

235 1725 316 1778 quum
329 1705 361 1760 ab
373 1723 404 1760 cc
405 1705 528 1775 ,liupera
529 1723 639 1771 crosno,
654 1709 759 1762 Romam
773 1707 865 1761 missus
877 1711 945 1761 essct
944 1708 1031 1778 ‚apud

234 1783 359 1874 populun
379 1783 522 1838 Romamn
543 1783 692 1840 criminatus
710 1790 758 1850 cat,
737 1785 870 1839 thallum
886 1785 965 1839 allam
981 1785 1031 1839 da·

233 1878 309 1926 carc,
327 1861 352 1913 ιί
362 1877 387 1913 ιι
398 1860 523 1914 consulem
529 1862 660 1930 secam
673 1861 742 1915 trevi
752 1871 861 1931 ιιιψοιι
873 1869 922 1913 cat
932 1863 1028 1926 uicum,

233 1946 283 1993 aaut
294 1945 430 1989 uwrtcuun
440 1936 605 2006 chccretcm
616 1953 641 1989 ac
656 1937 690 1990 ic
704 1946 851 2008 potestatem
867 1936 1029 2006 pepulillc·

233 2029 313 2069 ruam
307 2010 494 2066 redacturum.
519 2011 611 2082 Itaque
625 2011 709 2066 lactus
721 2017 761 2067 cst
772 2011 815 2066 ille
824 2010 923 2082 quidem
933 2011 1029 2098 consul,

232 2087 281 2145 aed
292 2105 309 2141 a
321 2085 370 2141 lide
384 2086 537 2158 justitiaque
548 2085 673 2153 discessit,
686 2087 731 2158 qui
748 2091 793 2157 opt
793 2086 871 2141 imum
887 2090 914 2140 et
931 2087 1028 2157 gravis-

232 2164 328 2219 simum
346 2161 434 2230 civem,
452 2165 526 2232 cujus
543 2162 643 2234 lagatus
661 2168 689 2219 et
706 2181 789 2233 aquo
805 2163 899 2217 missus
913 2166 987 2227 esset,
999 2163 1028 2217 iu

230 2238 356 2297 invidiam
373 2237 436 2294 laiso
454 2238 559 2293 crimina
577 2238 720 2295 adduxerit.
756 2239 798 2294 Nc
816 2243 905 2294 noster
925 2238 1028 2309 quidem
1035 2252 1068 2298 80

231 2313 398 2371 Gratidianus
410 2314 491 2369 officio
499 2313 559 2369 boui
572 2314 620 2369 viri
631 2315 736 2369 functus
749 2320 789 2370 est
801 2319 864 2378 tum,
874 2333 952 2386 quum
964 2333 1027 2384 pruc-

229 2395 274 2449 tor
286 2393 364 2456 essct,
376 2390 560 2461 collegiumque
570 2394 706 2460 pratorum
716 2391 813 2446 tribuni
826 2390 893 2461 plebi
900 2391 1027 2447 adhibuis·

229 2471 298 2534 eant,
310 2471 342 2520 ut
353 2484 395 2520 ras
406 2465 547 2520 nummaria
563 2465 595 2520 dc
606 2467 734 2523 communi
750 2467 877 2522 sententia
888 2467 1027 2522 constituc-

229 2547 321 2599 cetura
336 2541 483 2630 jactabatur
494 2541 560 2596 enim
572 2541 730 2611 temporibus
741 2541 791 2597 illis
803 2560 929 2608 nummus,
939 2541 983 2604 sic,
995 2546 1026 2596 ut

228 2635 307 2675 nemo
325 2621 411 2687 posset
427 2618 499 2685 scire,
512 2616 573 2688 quid
584 2616 699 2693 haberet.
734 2581 946 2686 Conscripserurit
957 2633 1026 2670 com·

229 2694 344 2749 munitur
363 2693 473 2749 edictum
493 2711 552 2749 cum
569 2711 644 2763 poena
656 2697 738 2763 atquc
753 2692 864 2763 judicic;
886 2691 1025 2746 constitue·

229 2775 350 2840 ruuntque,
364 2779 394 2823 ct
406 2787 492 2833 amaea
502 2769 624 2823 cimelia
635 2778 720 2823 rortra
731 2778 788 2838 poet
799 2767 935 2820 euridicm
946 2783 1024 2819 escere·

230 2847 327 2901 derunt.
362 2844 399 2900 nt
416 2846 496 2901 ceteri
513 2843 615 2916 quidem
632 2843 698 2899 aliua
715 2844 780 2911 alirn
797 2841 898 2899 Marius
914 2840 947 2896 ab
964 2839 1025 2895 sub-

171 1364 243 3071 Ξ
