2575 3367
445 322 513 370 LIB.
531 321 583 369 111.
603 322 677 370 CAP.
695 324 734 378 28,
752 324 791 371 29.
976 322 1021 369 135
1090 323 1097 343 ¹

409 431 712 490 ——---Fregistiu
721 432 814 476 fidem?

345 495 427 554 Neque
437 497 489 541 dedi
499 510 575 554 nequo
585 498 614 542 do
624 497 714 542 infideli
725 496 841 554 cuiquam,

227 605 378 658 quamquem
392 589 423 645 ab
434 590 512 660 impio
524 608 585 661 rege
602 589 703 654 dicitur,
716 589 846 645 luculente
857 591 944 644 tumen
960 589 1021 644 dici·

226 666 280 715 tur.
309 665 414 720 Addunt
426 667 510 730 etiam,
524 664 734 736 quemadmodum
745 684 792 720 nos
806 665 927 731 dicemus,
939 665 1019 721 videri
1031 673 1077 720 103

227 739 342 808 qnaedam
354 742 433 808 utilia,
447 761 504 812 quae
516 760 568 797 uon
580 742 650 795 sint:
669 743 706 796 sic
718 759 746 796 sc
758 742 849 806 dicere,
862 742 942 797 videri
954 760 1020 813 qun-

227 815 287 869 dam
299 817 411 883 honesta,
425 837 481 889 qnae
498 837 551 873 non
568 819 635 894 sint:
654 822 685 872 ut
702 819 751 873 hoc
768 819 851 890 ipsum
863 819 966 873 videtur
977 819 1020 872 ho-

227 897 337 959 nestum,
358 896 520 950 conservandi
539 895 709 964 jurisjurandi
728 913 805 950 consu
828 895 860 950 ad
880 896 1019 950 cruciatum

226 971 377 1038 revertissc3
397 971 442 1026 scd
458 972 488 1026 fit
505 989 557 1026 uon
574 971 718 1040 honestum,
734 972 800 1042 quic,
818 972 886 1044 qnod
904 990 949 1042 per
967 972 1018 1026 vim

227 1043 339 1100 hostium
354 1053 421 1102 esset
432 1051 525 1113 ectum,
538 1050 622 1101 ratum
639 1064 695 1102 esse
710 1065 763 1100 non
778 1047 873 1104 debuit.
909 1048 1017 1103 Addunt

227 1124 312 1189 etiam,
326 1125 447 1197 quidquid
459 1125 531 1180 valde
543 1126 605 1180 utile
620 1125 662 1191 sit,
674 1125 700 1179 id
712 1126 766 1180 fieri
782 1127 926 1191 honestum,
939 1128 1016 1180 etiam

226 1199 249 1252 si
273 1203 348 1254 antea
367 1219 418 1255 non
438 1201 573 1257 rideretur.
608 1201 674 1256 Herc
692 1201 746 1256 fere
768 1206 859 1257 contro
876 1202 1014 1272 Regulum.

227 1274 278 1329 Sed
291 1277 370 1346 prima
382 1277 519 1333 videamus.
953 1325 955 1328 Α

261 1348 361 1408 ΧΧΙΧ.
381 1353 407 1407 N
408 1373 442 1408 on
452 1354 502 1408 fuit
514 1353 617 1423 Jupiter
628 1353 788 1421 metuendus,
799 1371 832 1408 ne
843 1354 924 1408 iratus
940 1361 1075 1408 noce-104

225 1431 282 1494 ret;
302 1431 345 1498 qui
360 1448 442 1500 neque
453 1431 528 1486 irasci
545 1430 617 1495 solet,
631 1449 678 1485 nec
696 1448 796 1485 nocere.
833 1431 898 1484 Haec
916 1428 1017 1499 quidem

225 1505 293 1558 ratio
304 1524 357 1559 non
372 1507 453 1578 magis
469 1510 559 1561 contra
570 1507 673 1577 Reguli,
687 1525 762 1578 quam
775 1509 865 1561 contra
879 1523 954 1560 omne
963 1505 1018 1575 jus-

221 1579 359 1650 jurandum
377 1582 452 1653 valet.
488 1582 538 1637 Sed
558 1582 585 1636 in
600 1583 775 1652 jurejurando,
794 1601 846 1637 non
863 1582 907 1653 qui
925 1587 1017 1650 metus,

226 1656 273 1711 sed
285 1675 341 1727 quoe
353 1659 391 1713 vis
403 1658 445 1724 sit,
457 1658 533 1714 debet
544 1659 662 1730 intelligi.
692 1661 741 1714 Est
754 1660 821 1714 cuim
826 1658 1016 1728 jusjurandum

223 1734 361 1804 affirmatio
380 1737 506 1805 relipiora.
543 1735 618 1801 Quod
634 1740 721 1791 antem
739 1735 869 1803 affirmate,
881 1735 954 1805 quasi
969 1735 1016 1789 deo

223 1812 301 1876 teste,
314 1811 465 1879 promiseris,
479 1811 505 1866 id
517 1811 657 1866 tenendum
674 1815 721 1866 est.
757 1813 816 1865 Jam
835 1811 902 1865 enim
916 1828 968 1865 uon
984 1810 1016 1864 ad

223 1886 288 1940 iram
301 1886 411 1951 decmm,
421 1905 477 1957 quae
489 1887 558 1942 nullu
570 1891 616 1952 cst,
626 1886 670 1942 sed
680 1889 711 1942 ad
719 1887 848 1957 justitium
860 1890 887 1942 ct
899 1885 932 1941 ad
940 1885 1015 1941 fidcm

224 1963 343 2033 pertinet.
379 1964 447 2017 Ncm
459 1964 577 2033 praeclarc
589 1964 705 2018 Ennius:

298 2077 326 2126 '0
337 2079 404 2125 Fides
414 2080 484 2136 alma,
494 2081 550 2139 tptn
561 2081 644 2139 pinnis,
655 2081 680 2128 et
689 2078 851 2140 juanrnnddm
860 2078 941 2124 Jovisl

224 2185 278 2244 Qui
288 2184 330 2255 jus
341 2185 421 2256 igitur
430 2185 566 2256 jurandum
577 2186 664 2251 violat,
673 2186 695 2240 is
699 2185 782 2256 fidem
793 2185 879 2250 violat,
892 2200 972 2254 quam
984 2185 1015 2236 in

227 2261 355 2330 Capitolio
367 2264 481 2315 cicinum
492 2261 567 2315 Jocic
581 2262 677 2331 Optimi
688 2263 815 2330 Maximi,
826 2265 857 2315 ut
869 2261 896 2316 in
908 2259 1013 2314 catonis

223 2337 338 2390 oratione
356 2341 402 2402 cst,
416 2338 526 2406 mrcjorer
543 2341 626 2392 nostri
643 2356 692 2392 erce
708 2341 854 2392 noluerunt.
890 2339 927 2391 nt
945 2337 1070 2391 enim105

223 2429 257 2466 nc
268 2412 349 2467 iratus
366 2413 467 2483 quidem
479 2413 582 2483 Jupiter
598 2413 655 2485 plus
667 2413 769 2484 Regulo
786 2414 923 2479 nocuisset,
938 2430 1013 2484 quam

223 2487 273 2541 sibi
285 2489 372 2543 nocuit
384 2490 438 2559 ipsc
450 2489 575 2560 Regulus.
612 2490 697 2554 Certe,
710 2491 733 2544 si
748 2490 811 2544 nihil
826 2490 922 2543 mulum
936 2492 1012 2551 esset,

222 2563 273 2618 nisi
286 2564 377 2619 dolere.
414 2565 445 2619 Id
457 2571 542 2618 cutem
554 2583 606 2618 non
618 2566 693 2619 modo
710 2583 836 2619 summum
852 2563 954 2626 malum,
969 2562 1014 2617 sed

222 2657 256 2693 ne
272 2640 365 2694 mulum
382 2640 483 2711 quidem
500 2659 564 2707 esse,
575 2642 685 2696 maxima
702 2641 854 2694 auctoritate
871 2638 1014 2708 philosophi

224 2717 365 2773 affirmant:
385 2736 491 2788 quorum
505 2719 606 2789 quidem
618 2722 709 2774 testem
727 2736 779 2772 non
796 2716 955 2780 mediocrem,
968 2715 1014 2770 sed

223 2793 294 2848 haud
310 2795 363 2848 scio
379 2813 412 2848 an
427 2794 611 2864 gravissimum,
625 2795 761 2864 Regulum,
773 2793 859 2858 nolite,
873 2809 965 2862 quaesc,
978 2791 1015 2845 vi·

223 2873 351 2940 inperare.
388 2871 472 2929 Quem
490 2871 557 2925 euim
574 2871 764 2941 locupletiorem
782 2870 924 2938 quonimus,
937 2884 1013 2938 quern
