2575 3367
293 319 339 367 lla
583 317 632 366 DE
650 317 802 366 oramus

293 428 368 492 cavit,
380 428 407 482 et
420 427 451 482 ab
463 427 494 481 iis
510 426 608 496 petivit,
619 431 652 482 ut
667 431 727 482 ante
744 445 805 482 suos
823 425 944 482 hortulos
961 427 1082 500 postridie

292 505 458 574 piscarentur,
468 503 590 574 dixitque,
600 503 662 574 quid
673 521 717 558 eos
729 503 812 558 tacere
823 503 910 558 vellet.
936 503 979 559 Ad
991 521 1081 560 coenan

292 585 406 651 tempore
426 581 496 635 venit
515 579 618 634 Canius.
656 580 765 651 Opipare
783 597 800 634 a
816 579 913 652 Pythio
934 585 1082 652 apparatum

292 659 450 724 convivium
469 655 614 727 cymbarum
634 659 695 710 aute
713 656 800 712 oculos
817 655 975 724 multitudo;
993 675 1041 728 pro
1056 674 1082 712 se

293 733 399 804 quisque
411 731 479 804 quod
490 736 600 801 ceperat,
612 731 751 798 afferebat3
769 735 829 786 ante
841 730 921 802 pedes
934 731 1025 804 Pythii
1034 733 1082 804 pis-

251 817 284 864 59
293 827 334 864 ces
346 807 536 877 abjiciebantur.
571 807 637 861 Tum
650 806 753 873 Gauius,
766 807 891 876 ‘Quota’
902 807 998 880 inquit,
1010 809 1083 882 ‘qaid

292 893 327 939 eet
338 886 391 949 loc,
404 882 506 954 Pythi?
545 883 690 938 Tantumne
705 881 840 955 piscium?
858 889 1002 940 tantumne
1018 903 1082 956 epor-

291 958 410 1014 dorumt’
445 960 481 1014 ut
504 958 554 1024 ille,
574 959 658 1019 ‘Quid
680 959 807 1014 mirumt'
824 959 926 1030 inquit:
945 961 1012 1016 ‘dor
1032 961 1083 1016 loeo

290 1045 332 1102 eat,
344 1036 482 1106 Spraemie
492 1035 618 1106 quidquid
633 1041 671 1090 est
680 1038 812 1106 piscium:
829 1035 874 1090 die
884 1039 1019 1108 aquatio:
1037 1037 1084 1092 dac

290 1113 355 1165 villo
372 1114 416 1166 isca·
433 1128 517 1166 carere
534 1129 586 1164 uon
601 1113 728 1183 pmmml
764 1111 888 1166 Incensus
900 1111 1000 1168 Gauius
1013 1113 1082 1184 cupi·

292 1186 372 1243 ditate
389 1186 520 1243 contendit
537 1186 671 1257 erythro,
690 1191 721 1242 ut
739 1187 870 1243 venderet.
908 1187 1023 1245 Gravate
1042 1189 1082 1244 ille

291 1265 381 1335 primo.
417 1263 487 1324 Quid
502 1263 602 1319 multat
628 1263 757 1335 impetrat.
791 1263 863 1318 Emit
879 1262 958 1320 homo
975 1265 1082 1336 cupidus

291 1345 318 1395 et
338 1340 449 1411 locuples
468 1341 543 1406 tanti,
565 1339 654 1411 quanti
675 1339 786 1411 Pythius
806 1337 895 1404 voluit,
913 1343 942 1395 et
962 1343 1029 1396 emit
1046 1342 1082 1396 iu·

291 1418 420 1471 structos:
450 1418 552 1471 nomine
574 1415 644 1480 feeit,
668 1415 801 1486 negotium
826 1415 940 1472 conficit.
984 1417 1081 1472 Invitat

292 1492 385 1546 (leuius
405 1492 527 1562 postridie
545 1491 681 1546 familiares
702 1509 777 1557 suos;
798 1490 868 1547 veuit
887 1491 946 1562 ipse
965 1497 1081 1560 mature;

291 1566 411 1620 scalmum
423 1566 521 1622 nullum
532 1567 610 1622 videt.
635 1567 735 1627 Quaerit
748 1585 780 1622 ex
791 1565 909 1638 proximo
918 1567 1013 1636 viduo,
1021 1587 1082 1624 uum

282 1645 360 1714 serior
368 1643 485 1712 qrusdam
491 1647 649 1714 pinatorum
660 1651 745 1711 emeat,
753 1643 823 1714 quod
829 1661 868 1697 eos
879 1645 970 1698 nullos
982 1645 1081 1700 viderat

293 1719 404 1784 ‘Nullae
427 1719 497 1790 quod
517 1719 612 1784 seiam,’
632 1719 731 1789 iuquit:
755 1719 815 1773 ‘scd
832 1719 875 1773 die
893 1721 996 1792 piscari
1018 1721 1082 1776 nulli

251 1797 374 1853 totalem.
411 1796 505 1866 Itaque
515 1796 572 1849 leri
583 1794 708 1859 mirabar,
721 1796 947 1865 quidaccidtrser!
984 1797 1082 1852 Stoura·

291 1872 360 1926 chari
373 1871 472 1925 Oenius.
497 1870 547 1924 Sed
559 1869 620 1941 quid
631 1870 746 1926 taceret?
778 1869 901 1924 Nondum
913 1869 986 1926 euim
997 1873 1082 1945 Aquil-

289 1946 347 2013 lius,
360 1947 456 2018 collega
468 1949 494 2001 et
506 1945 635 2000 familiaris
652 1963 732 2010 meus,
745 1943 885 2015 protulerat
898 1945 931 2001 de
946 1947 1008 2003 dolo
1020 1947 1081 2004 melo

289 2023 423 2079 formulas:
439 2022 466 2078 in
478 2022 569 2095 quibus
580 2021 642 2092 ipsis
655 2041 732 2092 quum
745 2040 777 2077 ex
788 2039 819 2076 eo
830 2027 1002 2093 quaereretur,
1017 2023 1083 2088 Quid

289 2109 348 2153 ercet
360 2100 434 2153 dolus
445 2099 532 2153 malus
537 2121 549 2162 ,·
562 2097 737 2167 respondebat,
748 2099 836 2165 Qum
845 2107 906 2152 earet
916 2099 998 2154 aliud
1008 2105 1082 2156 dma-

289 2174 458 2240 latumliud
467 2185 562 2229 amram.
597 2173 657 2229 Hoc
669 2173 770 2245 quidem
783 2190 844 2228 sano
854 2171 998 2242 luculento,
1009 2181 1041 2232 ut
1051 2175 1081 2232 ab

290 2249 391 2303 homine
408 2250 491 2319 perito
512 2248 652 2304 definiendi
688 2249 757 2320 Ergo
775 2253 801 2304 et
818 2249 931 2320 Pythius
949 2255 978 2306 et
996 2271 1081 2308 omnes

290 2323 359 2379 aliud
376 2328 488 2394 agentes,
506 2324 574 2378 aliud
595 2324 744 2379 simulantes
760 2325 857 2396 perfidi,
876 2323 998 2396 improbi,
1017 2329 1082 2384 muli·

289 2400 358 2455 tiosi.
394 2399 500 2454 Nullum
518 2400 599 2469 igitur
610 2400 707 2455 iactum
725 2418 813 2455 eorum
830 2403 918 2471 potest
936 2403 1005 2460 utile
1022 2421 1082 2470 esse,

290 2495 368 2549 quum
381 2476 416 2530 sit
427 2479 468 2530 tot
480 2475 549 2530 vitiis
561 2476 729 2546 inquinatum

250 2557 280 2604 61
325 2554 384 2609 XV.
403 2551 480 2612 Quod
498 2552 519 2606 si
532 2551 678 2621 Aquilliana
692 2551 805 2606 definitio
816 2569 878 2606 vera
888 2555 947 2609 cst:
965 2573 1002 2612 ex
1017 2555 1083 2612 omni

289 2631 344 2686 vita
355 2628 482 2685 simulatio
494 2627 713 2697 dissimulatioque
722 2627 834 2683 tollenda
845 2634 893 2684 est.
932 2631 977 2686 Ita
989 2651 1046 2698 neo,
1055 2635 1083 2686 ut

289 2712 358 2761 emat
377 2705 475 2769 molius,
493 2721 540 2758 nec
559 2706 590 2757 ut
607 2702 709 2768 vendat,
728 2702 866 2773 quidquam
884 2704 1020 2764 simulabit
1041 2713 1083 2763 aut

278 2783 454 2842 dissimulabit
467 2780 508 2840 vir
519 2779 612 2837 bouus.
648 2781 733 2850 alque
741 2779 793 2832 iste
803 2778 875 2833 dolus
886 2781 972 2837 malus
986 2789 1015 2840 et
1025 2782 1084 2854 legi·

266 2861 319 2919 bus
333 2869 393 2922 erat
408 2862 573 2929 vindicatus,
585 2862 619 2915 ut
629 2854 719 2915 tutela
728 2853 1087 2917 &mamiffim'uum
