2575 3367
467 308 535 356 LlB.
553 307 605 356 111.
624 308 699 356 CAP.
720 309 741 366 1,
759 308 782 354 2.
989 305 1021 352 99

226 431 302 482 quum
314 412 376 466 mihi
389 412 471 467 adfert
484 413 630 476 necessitas,
639 431 691 467 nou
700 413 824 467 voluntas.
858 413 1044 484 Quamquam

225 489 363 543 Africanus
382 490 500 559 majorem
520 488 618 543 laudem
638 505 695 542 meo
710 487 808 559 judicio
829 491 1019 559 assequebatur.

224 566 304 619 Nulla
325 566 392 620 enim
414 570 470 636 ejus
491 567 587 636 ingenii
606 569 771 621 monumenta
789 564 909 619 mandata
929 566 1017 632 literis,

224 642 322 696 nullum
335 660 399 712 opus
411 643 465 708 otii,
475 642 573 696 nullum
586 641 730 697 solitudinis
742 659 836 696 munus
848 645 941 696 exstat.
977 643 1018 698 Ex

224 737 276 789 quo
295 718 402 790 intelligi
421 718 504 784 debet,
517 717 588 772 illum
606 718 700 772 mentis
718 718 865 789 agitatione,
883 718 1019 789 investiga·

225 795 348 864 tioneque
364 813 451 849 earum
467 811 636 865 rerumquae
655 793 791 864 cogitando
806 794 1017 865 consequebatur,

222 889 306 941 neque
319 871 429 924 otiosum
440 889 487 926 nec
499 870 580 926 solum
593 888 713 940 umquam
725 871 812 926 fuisse.
848 871 905 925 Nos
922 875 1016 938 autem,

224 948 268 1016 qui
285 965 337 1000 non
353 950 454 1000 tantum
470 947 568 1002 roboris
584 946 715 1014 habemus,
726 950 756 1001 ut
771 946 926 1017 cogitatione
939 949 1018 1003 tacita

224 1041 239 1077 a
263 1021 400 1077 solitudine
424 1021 607 1091 abstrahamur,
626 1021 660 1077 ad
680 1022 745 1078 hanc
769 1022 893 1078 scribendi
914 1042 1018 1095 operam

223 1117 299 1154 omne
320 1099 432 1153 studium
456 1117 592 1170 curamque
617 1099 796 1154 convertimus.
831 1100 923 1171 Itaque
945 1100 1018 1171 plura

222 1176 294 1231 brevi
306 1179 421 1245 tempore
433 1193 528 1243 eversa,
540 1194 616 1248 quam
632 1174 720 1230 multis
737 1175 809 1231 annis
829 1179 914 1231 stante
926 1176 1017 1246 repub-

221 1251 277 1314 lica,
292 1251 446 1320 scripsimus.

258 1328 297 1381 11.
318 1327 368 1382 Sed
386 1346 464 1399 quum
481 1329 537 1382 tota
552 1326 719 1399 philosophia,
731 1325 766 1380 mi
783 1325 880 1392 Cicero,
893 1326 1039 1397 frugiferas

222 1407 250 1459 et
267 1403 407 1470 fructuosa,
418 1421 465 1459 nec
482 1403 535 1459 ulla
551 1423 610 1476 pars
628 1404 684 1476 ejus
701 1402 798 1459 inculta
814 1420 844 1457 ac
861 1401 961 1458 deserta
973 1403 1015 1472 sit,

222 1484 278 1534 tum
296 1479 381 1535 nullus
397 1480 504 1536 feracior
521 1480 549 1534 in
564 1499 594 1535 ea
609 1480 681 1536 locus
697 1483 737 1535 est
753 1497 801 1535 nec
817 1478 925 1544 uberior,
939 1497 1014 1550 quam

222 1555 254 1610 de
267 1557 363 1621 officiis,
376 1574 391 1610 a
403 1555 495 1627 quibus
511 1562 658 1612 constanter
670 1556 827 1628 honesteque
839 1555 941 1611 vivendi
952 1574 1016 1627 prse-

222 1637 298 1702 cepta
318 1632 453 1688 ducuntur.
495 1633 582 1692 Quare
603 1651 756 1704 quamquam
777 1651 792 1686 a
812 1632 935 1704 Cratippo
956 1650 1016 1687 nos·

222 1713 271 1774 tro,
287 1709 397 1779 principe
409 1709 486 1779 hujus
502 1709 628 1764 memorie
640 1707 856 1780 philosophorum,
869 1710 923 1764 hec
935 1713 962 1764 tc
974 1728 1014 1764 as·

222 1785 295 1841 sidae
313 1785 400 1841 audire
418 1790 495 1856 atque
512 1786 626 1857 accipere
644 1785 751 1852 confido,
768 1789 855 1840 tamen
871 1785 1012 1840 conducere

222 1861 340 1928 arbitror,
359 1861 453 1917 talibus
474 1879 549 1916 aures
569 1866 628 1916 tuas
649 1861 755 1917 vocibus
775 1861 887 1932 undique
908 1862 1013 1916 circum·

222 1955 320 2002 sonare,
334 1956 380 1993 uec
398 1956 449 2006 eas,
461 1937 483 1993 si
501 1937 555 1992 fieri
574 1937 663 2008 possit,
677 1936 812 2008 quidquam
831 1937 900 1992 aliud
917 1936 1011 1992 audire.

222 2013 301 2073 Quod
314 2033 391 2084 quum
403 2014 519 2069 omnibus
531 2017 571 2069 est
580 2013 730 2081 iaciendum,
740 2013 783 2084 qui
792 2013 870 2067 vitam
879 2012 1011 2067 honestam
1021 2030 1036 2074 s

221 2091 320 2160 ingredi
333 2091 454 2161 cogitant,
464 2093 520 2145 tum
532 2089 600 2144 haud
612 2089 672 2157 seio,
684 2108 717 2144 an
728 2088 823 2144 nemini
835 2089 927 2158 potins,
937 2108 1011 2160 quarn

222 2166 276 2220 tibi.
314 2167 430 2220 Sustines
448 2165 515 2221 enim
533 2184 584 2220 non
601 2184 703 2237 parvam
722 2165 936 2234 exspectationem
957 2165 1014 2220 imi-

221 2242 306 2297 tande
323 2241 455 2297 industriae
473 2246 574 2306 nostrae,
587 2260 703 2311 magnam
722 2241 853 2306 honorum,
866 2242 1012 2297 nonnullam

223 2318 335 2373 fortasse
352 2317 470 2373 nominis.
506 2317 647 2388 Suscepisti
665 2335 730 2372 onus
748 2322 870 2388 preterea
890 2336 968 2390 grave
985 2323 1012 2372 et

219 2395 380 2449 Athenarum
399 2399 425 2449 et
445 2392 576 2465 Cratippi:
596 2393 628 2447 ad
648 2411 713 2464 quos
733 2412 811 2464 quum
832 2397 961 2465 tamquam
980 2393 1013 2449 ad

220 2474 387 2526 mercaturam
400 2469 524 2526 bonarum
541 2469 633 2524 artium
651 2470 686 2524 sis
706 2471 843 2541 proiectus,
857 2470 957 2524 inanem
973 2488 1013 2524 rc·

220 2547 273 2604 dire
285 2547 462 2617 turpissimum
474 2549 522 2613 est,
534 2544 729 2601 dedecorantem
746 2550 773 2600 et
790 2545 860 2600 urbis
877 2545 1013 2600 auctorita-

173 2690 176 2695 ,
219 2629 270 2680 tem
281 2629 312 2679 et
324 2624 448 2695 magistri.
486 2625 577 2689 Quare,
591 2628 715 2694 quantum
727 2623 825 2678 conniti
836 2623 920 2675 auimo
930 2626 1011 2692 potes,

219 2706 342 2772 quantum
353 2701 439 2756 labore
451 2698 611 2764 contendere,
622 2699 655 2769 (si
666 2699 779 2753 discendi
787 2697 857 2752 labor
869 2700 909 2750 est
918 2697 1011 2767 potius,

219 2795 294 2847 quam
305 2777 443 2846 voluptas)
454 2779 554 2829 tantum
564 2774 604 2830 iac
616 2779 646 2830 ut
660 2775 767 2839 efficias;
785 2789 849 2827 neve
861 2771 1014 2837 committas,

218 2859 256 2920 ut,
268 2872 349 2925 quum
363 2853 449 2909 omnia
464 2850 629 2923 suppeditata
644 2852 697 2906 sint
715 2869 731 2905 a
747 2848 829 2913 nobis,
843 2851 900 2902 tute
912 2846 960 2906 tibi
972 2848 1013 2904 de
