2575 3367
494 316 561 366 Luta
581 317 601 366 l.
620 316 695 366 CAP.
715 319 753 365 tt.
988 320 1019 367 tt

222 431 325 487 atenaco
337 445 436 500 maguae
447 427 586 494 discordiae,
599 427 626 483 in
637 431 726 484 noema
736 426 865 499 republica
876 445 927 482 uon
939 429 1019 483 eclam

223 507 370 570 seditionea,
384 504 428 559 aed
441 505 564 575 pestilera
577 507 656 560 etiam
668 505 734 560 bella
745 504 844 560 civilia:
869 523 925 575 quae
937 507 1022 576 gravia

223 589 251 640 et
263 581 339 637 tortia
352 581 415 636 ciris
433 585 459 636 et
477 582 505 636 in
521 581 653 653 republica
670 581 762 652 dignus
781 580 923 651 principatu
939 582 1022 653 lugiet

223 665 303 730 atque
314 658 405 722 oderit,
419 657 555 729 tradetque
568 677 596 713 ae
608 662 693 713 totum
704 657 856 729 reipublice,
866 675 948 728 neque
960 676 1022 728 opea

224 739 271 790 aut
285 735 424 805 potentiam
436 734 633 800 consectabitur,
643 738 776 806 totamque
788 752 842 788 eam
851 735 887 789 alc
899 733 1021 799 tuebitur,

223 818 257 869 ut
277 813 395 868 omnibus
413 812 537 867 cumulat.
573 812 631 868 Neo
654 830 715 867 vero
736 812 884 868 crimunibua
905 813 975 868 salsis
996 814 1023 868 in

225 889 313 945 odium
323 893 368 943 aut
386 888 507 944 invidiam
526 907 678 961 quemquam
695 889 804 954 vocabit,
818 889 970 961 omninoque
986 889 1024 944 ita

222 965 334 1038 justitiae
345 965 526 1036 honestatique
538 965 699 1030 adhaerescet,
711 969 749 1030 ut,
763 964 823 1020 dum
841 983 871 1020 ea
882 970 1022 1030 conservet,

227 1042 344 1114 quamvis
362 1042 474 1112 graviter
492 1040 610 1106 offendat,
632 1046 790 1113 mortemque
806 1045 911 1112 oppetat
929 1043 1022 1113 potius,

227 1131 304 1191 quem
323 1117 424 1172 deserat
444 1117 497 1183 illa,
520 1134 576 1189 que
597 1117 657 1172 diri.
695 1118 841 1172 Miserrima
858 1122 899 1173 eat
922 1119 1023 1174 omnino
1035 1123 1066 1173 87

228 1195 337 1250 aanbitio
353 1194 528 1265 honorumque
546 1195 684 1259 contentio,
703 1193 735 1248 de
753 1213 804 1266 qua
820 1195 938 1264 preclare
956 1194 1023 1265 apud

228 1270 345 1326 eumdem
358 1274 399 1324 eat
410 1270 561 1324 Platonem:
581 1271 706 1326 Similiter
708 1273 798 1340 facere
809 1289 855 1337 eoa,
868 1275 911 1340 qut
923 1273 988 1325 inter
999 1291 1026 1325 re

229 1348 409 1412 contenderent,
423 1352 479 1400 ater
491 1349 578 1416 potiar
593 1348 770 1415 rempublicam
788 1348 982 1412 administraret,
996 1352 1025 1401 at

229 1427 252 1477 εἰ
271 1429 356 1477 nautae
376 1428 506 1488 certarent,
526 1425 581 1492 qaia
597 1441 677 1477 eoram
698 1425 851 1492 potiraimum
866 1425 1022 1494 quteraaret.

230 1500 353 1571 Idemque
374 1499 495 1569 precipit,
517 1503 548 1553 ut
564 1518 603 1554 eoa
624 1501 778 1554 adversariae
795 1502 962 1564 eaa'ata‘memaa,
982 1504 1026 1572 qai

230 1595 300 1630 arma
313 1580 512 1646 contraferaat;
539 1595 587 1630 ron
604 1595 652 1641 eoa,
666 1579 709 1646 qai
723 1595 767 1630 aaa
777 1577 877 1646 judicio
889 1580 954 1631 taere'
965 1597 1025 1632 rera-

226 1655 354 1722 puttr'aam
372 1653 466 1706 velint:
490 1651 571 1723 qualia
589 1651 639 1706 luit
656 1652 724 1706 iuter
741 1652 771 1707 P.
789 1652 936 1707 Africanum
950 1656 977 1708 et
994 1655 1024 1719 Q.

231 1728 365 1784 Metellum
380 1728 435 1782 aine
447 1727 585 1782 acerbitate
597 1727 731 1782 dissensio.

265 1804 325 1859 Nec
335 1823 396 1860 vero
408 1803 533 1868 audiendi,
548 1804 591 1875 qui
609 1805 722 1873 graviter
742 1803 901 1859 irascendum
918 1804 1025 1858 inimicia
1038 1809 1068 1854 88

184 1922 187 1939 ,
231 1879 367 1952 putabunt,
380 1879 456 1952 idque
468 1880 622 1952 magnanimi
633 1886 661 1935 et
674 1880 747 1935 tortia
759 1880 808 1934 viri
817 1899 872 1934 esse
881 1879 1028 1935 censebunt.

183 1948 186 2017 l
231 1956 305 2012 Nihil
320 1956 388 2011 enim
406 1955 565 2021 laudabil'ms,
587 1955 652 2010 nibil
672 1973 765 2027 magno
787 1960 813 2010 at
835 1955 955 2025 praeclaro
973 1956 1028 2009 viro

182 2038 184 2051 ¹
232 2033 335 2104 dignius
353 2031 525 2102 placabilitate
543 2037 620 2104 atque
637 2032 779 2087 clementia.
816 2033 848 2084 In
865 2030 950 2086 liberis
968 2050 1028 2086 vero

232 2109 380 2241 {titt
392 2106 1029 2257 lttlttulllltltfttttbttl

232 2271 276 2319 aut
284 2262 463 2333 intempestive
473 2261 651 2317 accedentibus
659 2266 705 2317 aut
714 2260 874 2332 impudenter
880 2263 1029 2332 rogantibus

231 2338 440 2395 inmoroaitatem
448 2338 564 2394 inutilem
575 2342 601 2393 et
610 2337 722 2392 odiosam
733 2337 880 2393 incidamus.
900 2339 934 2393 llt
944 2343 1029 2394 tamen

232 2417 270 2471 ita
281 2414 413 2488 probanda
424 2418 464 2470 est
483 2414 651 2470 mansuetudo
669 2416 746 2485 atque
763 2414 904 2479 clementia,
916 2420 947 2468 ut
959 2415 1029 2470 adhi-

232 2492 324 2548 beatur
334 2491 482 2562 reipuhbcae
495 2509 571 2547 causa
583 2491 712 2555 seueritas,
731 2491 786 2546 sine
798 2511 849 2563 qua
860 2491 1030 2546 administrari

177 2632 179 2639 ¹
233 2569 324 2626 civitas
342 2586 395 2622 non
414 2571 508 2638 potest.
544 2567 635 2622 Omnia
653 2572 739 2622 autem
757 2570 784 2621 et
802 2566 985 2621 animadversio
1002 2571 1029 2622 et

234 2645 369 2716 castigatio
382 2643 536 2700 contumelia
553 2660 644 2698 meare
657 2642 739 2707 debat,
751 2661 835 2714 neque
855 2643 887 2696 ad
903 2645 966 2710 ejus,
986 2643 1030 2713 qui

233 2723 340 2794 punitur
358 2721 468 2792 aliquam
486 2725 532 2775 aut
551 2718 635 2776 verbis
652 2719 753 2791 fatigat,
773 2719 818 2773 aed
835 2717 867 2771 ad
885 2717 1029 2787 reipublicae

234 2799 373 2855 utilitatem
385 2797 483 2852 reterri.
509 2797 653 2851 Cauendum
666 2800 707 2851 eat
719 2795 804 2857 etiam,
813 2812 846 2847 ne
858 2797 938 2862 major
947 2813 1028 2864 poena,
1042 2807 1073 2853 89

235 2893 309 2948 quarn
326 2873 403 2945 culpa
421 2874 455 2930 ait
464 2896 471 2930 a
481 2909 486 2917 ·
496 2877 523 2930 et
534 2887 567 2930 ne
579 2871 669 2986 iiadgm
681 2871 713 2926 de
725 2870 809 2926 causis
825 2869 871 2924 alii
878 2869 1045 2942 qleetantur,
