2575 3367
499 326 566 375 Lm.
584 327 606 374 1.
623 327 697 375 CAl‘.
715 329 753 376 ro.
988 328 1025 377 88-

226 437 344 502 velimus,
357 439 387 491 ut
399 455 462 492 neue
479 438 564 508 plajen,
578 456 641 492 neve
653 438 735 491 minor·
751 456 811 492 cura
829 440 855 492 et
874 455 950 507 opera
965 457 1022 494 sus·

226 514 345 584 cipiatur,
367 532 442 584 quam
463 532 540 568 cansa
559 514 679 584 postulet.
728 515 841 568 Tertium
863 520 911 581 cst,
932 521 962 569 nt
981 533 1020 570 co·

226 609 341 655 vearuus,
358 595 387 644 ut
404 608 441 657 ea,
453 609 509 660 qnae
528 590 656 660 pertinent
673 590 705 644 ad
724 589 850 645 liberalem
870 591 977 660 speciem
993 595 1021 647 et

225 667 387 738 dignitatem,
400 667 530 721 moderata
541 667 599 721 sint.
635 667 729 721 Modus
745 674 832 721 autem
848 671 888 721 est
900 668 1019 737 optimus,

226 744 308 798 decue
319 744 401 814 ipsum
418 747 513 808 tenere,
527 743 558 798 de
570 761 621 814 quo
633 748 693 799 ante
711 743 828 810 diximus,
840 762 887 799 nee
904 744 1021 815 progredi

226 819 339 890 longius.
369 821 468 874 Horum
480 824 566 874 tamen
578 820 656 873 trium
669 821 906 891 prestantissimum
918 826 966 887 est,
979 839 1022 892 ep-

227 897 339 968 petitnm
351 895 524 967 obtemperare
536 895 636 950 rationi.

265 973 323 1027 XL.
342 972 468 1043 Deinceps
481 972 512 1028 de
529 972 617 1028 ordine
633 990 718 1027 rerum
735 977 762 1028 et
774 977 916 1044 temporum
932 979 1078 1046 oppon-142

227 1054 342 1110 tunitate
354 1053 487 1109 dicendum
500 1058 547 1110 est.
586 1055 652 1110 Hoec
668 1061 753 1110 autem
770 1055 876 1110 scientia
893 1058 1022 1111 continen-

227 1133 274 1186 tur
286 1148 323 1196 ea,
337 1147 411 1201 quam
424 1130 506 1185 Groeci
519 1136 627 1200 emortuo
636 1131 776 1194 nominant,
788 1150 839 1185 non
856 1132 928 1198 hanc,
946 1152 1022 1205 quam

227 1207 428 1277 interpretamur
436 1209 583 1274 modestiam,
593 1226 643 1278 quo
655 1207 683 1261 in
695 1207 771 1262 verbo
783 1210 866 1261 nmdus
877 1208 958 1263 inest:
978 1209 1023 1265 sed

227 1284 274 1339 illa
286 1287 326 1339 est
343 1291 443 1353 emutio,
462 1284 489 1338 in
507 1303 557 1356 qua
573 1285 728 1356 intelligitur
745 1284 840 1338 ordinis
857 1287 1023 1340 conservatio.

228 1361 331 1431 ltaque,
344 1365 374 1415 ut
386 1361 498 1416 eamdem
514 1380 561 1416 nos
579 1364 719 1416 modestiam
736 1360 897 1430 appellemus,
909 1361 946 1417 sie
964 1362 1022 1418 defl-

227 1437 302 1492 nitur
322 1456 338 1491 s
358 1438 456 1503 Stoicis,
477 1441 507 1492 ut
526 1440 643 1494 modoetia
661 1437 696 1492 sit
713 1440 817 1492 amentio
835 1456 914 1492 reram
931 1459 1021 1505 earum,

228 1533 286 1585 qaoe
296 1519 401 1586 apeatm
416 1519 462 1570 aot
479 1517 599 1580 dicentur,
613 1518 665 1570 loco
680 1533 724 1569 sco
742 1515 945 1571 collocandomm.
981 1517 1024 1572 Ita

228 1590 333 1646 videtur
344 1591 430 1646 eadem
443 1591 481 1645 vis
493 1594 588 1647 ordinis
600 1597 626 1647 et
639 1594 806 1647 collocationis
818 1590 880 1646 iore.
916 1593 982 1648 Nam
996 1597 1023 1648 et

228 1669 338 1723 ordimem
357 1667 393 1723 sie
408 1667 539 1733 definiunt,
556 1671 747 1739 compositionem
763 1687 843 1723 rerum
858 1672 926 1738 aptat
941 1676 966 1724 ct
983 1690 1023 1725 ac·

228 1745 387 1799 commodatis
404 1745 481 1799 tocie:
500 1747 576 1800 locam
592 1749 677 1800 autem
693 1747 805 1811 actionis,
819 1750 1024 1814 opportunitatem

229 1823 346 1890 temporie
364 1839 419 1876 esse
439 1820 535 1875 dicunt.
585 1823 688 1892 Tempus
708 1827 793 1876 autern
814 1825 919 1876 actionis
940 1842 1024 1893 oppor-

229 1903 318 1954 taaam
336 1898 423 1953 Graece
441 1906 552 1968 conopia,
575 1899 667 1954 Latine
684 1898 826 1969 appellatur
844 1901 944 1953 occario.
982 1899 1025 1955 sic

229 1975 269 2041 fit,
287 1977 318 2028 ut
335 1976 452 2030 modestia
468 1976 529 2040 huc,
549 1993 622 2046 qnam
641 1976 679 2030 ita
696 1975 900 2043 interpretemur,
918 1978 948 2028 nt
964 1974 1025 2045 dixi,

229 2053 336 2107 amentia
348 2051 382 2106 sit
394 2055 587 2122 opportunitatis
603 2054 741 2107 idoneorum
756 2052 793 2106 ad
806 2051 925 2122 apemdam
937 2055 1026 2122 tempo·

229 2147 294 2184 nim.
325 2127 376 2183 Sed
388 2132 473 2198 potest
485 2129 571 2185 eadem
585 2147 640 2184 esse
648 2131 793 2199 prudentiae
804 2127 1080 2200 definitio,dequa14³

228 2203 356 2278 principio
368 2204 484 2261 diximus.
521 2207 580 2261 Hoc
592 2208 677 2260 autem
693 2205 749 2260 loco
761 2203 793 2260 de
809 2205 980 2262 moderatione
997 2211 1024 2262 et

228 2283 401 2354 temperantia
422 2286 553 2339 eteorum
574 2283 699 2340 similibus
718 2283 857 2340 virtutibus
879 2284 1024 2356 querimus.

229 2363 335 2431 Itaque,
356 2378 412 2430 qum
432 2364 506 2415 erant
526 2361 668 2431 prudentiae
686 2362 794 2433 propria,
816 2380 863 2417 suo
883 2362 939 2417 loeo
957 2361 1026 2416 dicta

228 2440 310 2492 sunt:
332 2454 389 2507 qum
406 2440 491 2492 eutem
509 2438 599 2493 harum
617 2438 750 2504 virtutum,
770 2438 801 2493 de
819 2438 911 2510 quibus
925 2437 1025 2507 jamdiu

227 2513 437 2585 loquimurque
454 2515 582 2584 pertinent
598 2515 630 2570 ad
649 2515 824 2571 verecundiam
842 2519 869 2569 et
887 2513 920 2568 ad
937 2531 1024 2567 eornm

229 2589 448 2661 approbationem,
463 2590 615 2662 quibuscum
627 2592 743 2657 vivimus,
757 2609 825 2646 nunc
840 2589 945 2645 dicenda
957 2592 1024 2642 sunt.

229 2667 299 2722 ll'alis
311 2670 353 2722 est
364 2666 445 2738 igitur
461 2667 523 2722 ordo
539 2669 666 2723 actionum
680 2666 843 2732 adhibendus,
856 2668 893 2731 ut,
905 2664 1081 2734 quemad-144

228 2743 335 2800 modum
348 2747 375 2798 in
387 2743 501 2798 oratione
513 2745 647 2810 constanti,
659 2745 733 2800 sicin
745 2745 799 2798 vita
810 2742 894 2795 omnia
905 2741 956 2795 sint
966 2745 1026 2810 apta

227 2821 299 2878 inter
311 2839 339 2875 se
352 2824 378 2875 et
391 2821 574 2875 convenientia.
605 2823 690 2892 'llnrpe
702 2825 741 2875 est
754 2819 820 2874 enim
833 2817 954 2889 valdeque
966 2818 1026 2872 viti·

225 2914 313 2966 osum,
324 2897 353 2953 in
364 2915 392 2952 re
404 2915 493 2952 severa
504 2896 612 2953 convivii
628 2897 697 2952 dieta
708 2901 753 2952 aut
771 2894 908 2950 delicatum
918 2894 1034 2965 aliquem
