2575 3367
345 258 376 305 80
636 254 686 303 DE
704 256 857 305 otricus

345 388 422 439 quum
435 368 487 423 sint
499 368 573 439 plura
583 386 718 425 causarum
731 386 831 439 genera,
844 384 901 437 quac
917 364 1118 439 eloquentiamrl

345 445 465 509 siderent,
483 446 608 517 multique
627 446 656 500 in
672 450 761 500 nostra
777 443 907 515 republica
924 444 1118 499 adolescentem

345 524 413 593 apud
423 522 522 594 judiees
537 528 564 578 et
576 522 644 593 apud
662 526 779 577 sanetum
792 519 898 576 dicendo
915 520 1019 575 laudem
1036 537 1118 575 assccu

346 600 405 668 sint,
426 599 535 654 maxima
556 599 689 654 admiratio
706 603 747 654 eet
764 599 792 653 in
808 598 926 668 judiciis;
952 616 1063 669 quorum
1081 601 1118 651 rat

347 676 439 747 duplex
452 681 500 731 est.
527 677 594 731 Nam
608 695 640 731 ex
652 675 813 731 accusatione
825 679 852 729 et
864 674 1014 730 defensione
1027 677 1118 729 constat

347 772 453 825 quarum
465 751 515 807 etsi
530 752 679 808 laudabilior
691 759 731 807 est
747 751 867 816 defensio,
880 755 969 805 tarncn
983 751 1064 807 etiam
1076 766 1118 805 ace

347 830 412 883 satio
425 828 531 899 probata
542 847 655 899 persaepe
667 833 716 884 est.
752 828 813 883 Dixi
825 827 910 899 paullo
927 836 989 883 ante
1000 826 1034 883 dc
1047 827 1118 883 crae

348 905 419 959 Idem
438 905 498 959 iecit
517 905 663 961 adolescens
678 905 717 960 M.
725 905 860 960 Antonius.
894 904 981 959 Etiam
999 904 1031 960 P.
1043 902 1118 975 Sulpi

348 980 515 1048 eloquentiam
537 982 665 1037 accusatio
684 982 829 1047 illustrarit,
851 998 928 1050 quum
947 979 1099 1035 seditiosum

307 1068 339 1113 50
349 1057 462 1113 inutilem
475 1058 563 1123 civem,
577 1058 607 1113 0.
616 1057 775 1123 Norbanum,
785 1057 813 1113 in
820 1056 947 1127 judicium
959 1056 1070 1112 vocarit.
1096 1056 1118 1109 s

348 1135 397 1189 hoc
408 1135 510 1205 quidem
521 1154 574 1189 ιιοιι
589 1139 629 1190 cst
641 1153 708 1205 srcpe
724 1134 875 1199 iaciendum,
888 1151 936 1188 nec
952 1134 1118 1205 umquam,ni

349 1216 394 1266 sut
410 1211 553 1282 reipublice
571 1229 656 1277 eausa,
676 1217 706 1265 ut
719 1209 745 1276 ii,
759 1227 823 1281 quos
841 1214 900 1265 ante
918 1208 988 1276 dixi;
1007 1214 1055 1265 aut
1073 1208 1118 1263 ulei

349 1288 429 1353 cendi,
443 1293 472 1342 ut
485 1287 536 1343 duo
544 1287 662 1352 Luculli;
681 1291 726 1341 aut
736 1285 875 1357 patrocinii,
885 1290 916 1340 ut
927 1304 975 1340 nos
988 1304 1036 1355 pro
1047 1285 1118 1341 Siculi

349 1382 395 1435 pro
416 1364 501 1419 Sardis
519 1364 547 1419 in
562 1364 670 1419 Albucio
687 1363 780 1418 Julius
815 1364 848 1418 In
863 1362 1006 1418 accusando
1019 1362 1118 1419 ctiaml

350 1440 461 1510 Aquillio
481 1441 512 1494 L.
530 1440 596 1494 Pulli
614 1440 717 1510 cognita
735 1439 842 1495 indust‘
810 1443 860 1493 trra
878 1443 926 1493 est.
963 1440 1050 1495 Semel
1068 1440 1118 1511 igit

350 1519 457 1568 autnon
469 1534 535 1585 soepe
547 1521 624 1571 certe.
661 1517 705 1572 Sin
717 1517 778 1578 erit,
789 1534 830 1570 eur
823 1515 985 1569 'iaciendum
999 1516 1036 1571 sit
1048 1516 1118 1587 soepir

349 1590 522 1678 reipublicoet
510 1591 607 1645 tribuat
624 1592 673 1647 hoc
690 1592 810 1657 miinoris,
829 1595 903 1662 cujus
921 1591 1041 1647 inimicos
1060 1592 1118 1647 ulcis

350 1667 442 1735 saepius
462 1686 512 1722 non
525 1673 566 1723 cst
583 1668 825 1757 reprehendendum.
863 1668 960 1723 Modus
973 1678 1061 1724 tamen
1073 1668 1114 1723 adr

349 1744 415 1799 Duri
427 1744 492 1799 euim
506 1744 623 1808 hominis,
635 1745 676 1800 vel
689 1747 774 1815 potius
787 1746 829 1801 rix
841 1745 950 1800 hominis
960 1745 1107 1817 videtumpt

350 1820 433 1875 culum
447 1820 536 1891 eapitis
548 1822 642 1876 inferro
657 1821 751 1877 multis.
779 1822 813 1876 Id
825 1841 903 1894 quum
914 1822 1087 1892 periculosum

351 1902 399 1961 ost,
412 1897 556 1952 tumetium
574 1898 703 1953 sordidum
717 1897 750 1952 nd
766 1898 866 1963 famam,
876 1897 1046 1965 committere,
1059 1903 1090 1955 ut

350 1978 453 2029 cusator
475 1974 620 2030 nominere:
652 1975 720 2045 quod
744 1975 853 2044 contigit
879 1976 918 2029 M.
935 1976 1027 2042 Bruto,
1048 1994 1087 2031 sur

351 2068 443 2121 genere
454 2056 523 2117 nato,
536 2051 603 2106 illius
616 2052 675 2115 lilio,
686 2052 729 2121 qui
738 2051 803 2122 juris
816 2051 896 2106 civilis
908 2052 935 2105 in
948 2051 1037 2121 primis
1052 2070 1080 2122 pe

310 2129 339 2173 51
352 2126 408 2180 iuit.
453 2127 539 2198 Atque
560 2128 636 2182 etiam
661 2128 709 2182 hoe
733 2132 888 2197 preceptum
912 2127 987 2182 officii
1012 2127 1073 2199 dilig

352 2202 489 2256 tenendum
511 2208 558 2267 est,
579 2221 611 2257 ne
632 2223 706 2274 quem
730 2222 849 2273 umquam
870 2204 1031 2258 innocentem
1050 2208 1062 2273 j

353 2277 443 2345 cupitis
458 2296 586 2332 arcessas:
605 2280 631 2334 id
649 2281 715 2334 enim
733 2281 787 2334 sine
803 2281 897 2335 scelere
914 2282 969 2334 sieri
986 2280 1058 2335 nullo

354 2357 446 2423 potest.
483 2354 550 2408 Num
563 2355 676 2425 quidest
689 2360 740 2410 tam
754 2357 926 2422 inhumanum,
940 2376 1015 2426 qurum
1029 2357 1051 2411 el

353 2429 423 2494 tium,
445 2433 570 2483 enatura
590 2431 746 2485 adsalutem
765 2433 894 2487 homiuum
913 2438 940 2487 et
966 2432 998 2486 nul
1018 2452 1045 2487 cc

353 2507 448 2561 tionem
466 2506 559 2573 (latam,
578 2507 610 2561 ud
628 2508 751 2563 bonorum
771 2515 866 2579 pentem
885 2510 1038 2581 perrricicmq

354 2584 475 2638 vertero?
511 2582 568 2637 Nee
586 2588 679 2648 tarueu,
693 2590 722 2639 ut
740 2586 788 2641 lroe
805 2586 952 2655 fugiendum
971 2590 1019 2650 cst,

354 2659 497 2714 habendum
514 2659 637 2728 religioni,
652 2666 784 2715 nocentem
801 2662 1027 2732 ulimmerio-mor

354 2735 446 2790 furium
467 2736 800 2807 impiumque-deiculum.
849 2738 910 2791 Vult
931 2740 979 2793 hoc
1002 2758 1018 2792 ιι

355 2812 453 2881 patitur
464 2813 629 2879 consuetudo,
643 2813 694 2868 icrt
706 2814 782 2869 etiam
799 2814 951 2869 humanitus.
987 2816 1007 2869 J
