2575 3367
424 337 472 384 DE
492 335 667 384 AMICITIA.
701 336 774 383 CAP.
795 338 831 383 13.
989 328 1019 383 63

226 447 376 501 inserentem
390 446 469 516 sequi.
502 445 576 510 Quod
588 445 697 516 quidem,
711 449 793 498 utres
806 442 939 512 coepItire,
953 443 1020 497 haud

226 524 286 587 scio,
305 541 337 576 eu
355 520 488 591 aliquando
507 522 622 575 futurum
641 521 683 574 ait.
719 520 787 574 Mihi
802 523 887 572 autem
906 536 957 572 non
975 519 1020 572 mi-

226 600 283 652 nori
303 617 371 653 curre
392 602 439 661 est,
461 597 542 668 qualis
564 596 706 665 respublica
729 599 788 666 post
811 598 918 648 mortem
940 613 1020 648 meam

226 676 314 729 futura
326 675 367 738 sit,
381 692 455 742 quam
470 673 550 743 qualis
563 672 637 726 hodie
650 673 692 726 sit.

261 749 342 804 XIII.
365 750 431 804 Haec
448 750 527 819 igitur
545 749 626 819 prima
642 748 684 802 lex
702 747 819 801 amicitia
836 746 972 812 sanciatur,
989 750 1060 799 utel

226 826 257 881 ab
276 826 362 880 amicis
380 826 487 880 honesta
504 830 620 895 petamus
630 844 638 889 ;
662 824 800 878 amicorum
818 841 895 877 eausa
913 822 1021 876 honesta

227 903 368 966 faciamus;
399 920 432 954 ne
461 905 637 971 exspectemus
662 898 771 970 quidem,
795 898 856 952 dum
885 898 1019 968 rogemur}

227 977 339 1032 studium
359 995 457 1048 sempor
474 977 547 1041 adsit,
561 975 691 1030 cunctatio
709 973 790 1040 absit;
812 975 943 1029 eonsilium
960 992 1019 1029 voro

227 1053 287 1108 dare
311 1053 465 1123 gaudeamus
489 1053 574 1106 libere.
612 1050 752 1104 Plurimum
775 1051 802 1104 iu
826 1051 935 1106 amicitia
959 1052 1020 1105 euni·

227 1147 313 1184 corum
339 1129 403 1183 bene
427 1128 585 1183 suadentium
610 1127 694 1181 valeat
718 1127 864 1191 auctoritas,
889 1145 969 1197 eaque
993 1133 1019 1181 et

228 1204 379 1259 adhibeatur
396 1204 428 1257 ad
445 1202 596 1258 monendum
615 1221 668 1257 non
686 1202 759 1256 modo
778 1207 872 1271 aperte,
884 1202 929 1256 sed
943 1203 1020 1257 etiam

228 1283 326 1345 acriter,
340 1281 362 1334 si
374 1299 414 1334 res
427 1279 582 1350 postulabit;
600 1283 627 1333 et
639 1277 760 1332 adhibitae
772 1283 898 1347 pareatur.

263 1357 330 1410 Nam
353 1355 511 1425 quibusdam,
534 1373 598 1425 quos
619 1353 695 1408 audio
718 1354 846 1424 sapientes
869 1353 969 1408 habItos
992 1354 1057 1409 ines

230 1432 336 1498 Gracia,
354 1431 478 1502 placuisse
499 1431 588 1500 opinor
608 1429 732 1484 mirabilia
751 1429 882 1499 quedam:
908 1429 964 1498 (sed
982 1430 1020 1484 ni-

227 1508 263 1561 hd
287 1513 335 1575 est,
359 1506 426 1577 quod
450 1506 487 1560 illi
515 1523 566 1560 non
594 1509 779 1576 persequantur
802 1505 855 1559 suis
879 1505 985 1574 argutiis
998 1508 1018 1574 ε)

228 1584 320 1653 partim
338 1581 471 1653 fugiendas
489 1600 546 1636 esse
564 1582 654 1636 nimias
673 1582 802 1646 amicitias,
816 1599 848 1636 ne
865 1599 967 1636 necesse
985 1582 1019 1636 sit

228 1677 307 1713 unum
323 1658 459 1713 sollicitum
473 1676 528 1712 esse
544 1675 590 1727 pro
602 1657 717 1727 pluribus
725 1681 732 1723 ;
752 1658 814 1712 satis
826 1676 951 1728 superque
963 1676 1019 1713 esse

228 1753 331 1788 suarum
355 1735 446 1805 cuique
471 1752 569 1798 rerum3
601 1733 690 1787 alienis
717 1734 793 1786 nimis
822 1732 943 1802 impIIcari
960 1740 1019 1788 'mo-

229 1811 321 1865 lestum
345 1829 416 1865 esse:
444 1808 675 1865 commodissimum
695 1826 758 1874 esse,
779 1826 856 1878 quam
879 1808 1019 1864 laxissimas

229 1886 338 1941 habenas
350 1886 442 1941 habere
454 1885 585 1940 amicitia:
605 1902 668 1954 quas
680 1884 721 1939 vel
733 1883 850 1949 adducas,
861 1903 938 1954 quum
949 1884 1018 1949 velis,

229 1963 268 2017 vel
293 1963 416 2016 remIttas.
452 1962 537 2031 Caput
561 1960 627 2014 enim
652 1977 708 2014 csse
733 1959 765 2013 ad
789 1959 862 2013 beate
886 1958 1018 2013 vivendum

229 2039 405 2104 securitatem3
428 2055 477 2108 qua
495 2037 546 2091 frui
563 2054 614 2090 non
632 2037 714 2106 possit
732 2036 838 2100 animus,
851 2035 874 2089 si
891 2038 1020 2104 tamquam

229 2115 354 2184 parturiat
368 2132 435 2168 unus
451 2131 497 2182 pro
513 2112 636 2184 pluribus.
672 2112 743 2166 Alios
756 2115 841 2165 autern
853 2111 936 2165 dicere
948 2111 1058 2166 aiunt46

229 2191 309 2245 multo
330 2190 407 2244 etiam
427 2189 596 2253 inhumanius,
620 2188 706 2258 (quem
727 2188 810 2242 locum
833 2186 944 2241 breviter
964 2206 1021 2258 per·

229 2267 320 2320 strinxi
337 2265 420 2336 paullo
435 2267 521 2333 ante:)
542 2263 651 2335 praesidii
667 2263 856 2334 adjumentique
873 2281 956 2329 causa,
969 2281 1021 2319 nou

228 2341 410 2397 benevolentiae
422 2359 505 2411 neque
517 2339 638 2404 cantatis,
652 2340 774 2394 amicitias
791 2358 847 2394 esse
859 2340 1020 2407 expetendas.

228 2419 329 2488 Itaque,
349 2421 379 2472 ut
400 2417 507 2487 quisque
528 2416 659 2470 minimum
683 2416 810 2470 firmitatis
835 2416 927 2471 habeat
947 2417 1020 2470 mini·

229 2511 348 2564 mumque
360 2492 459 2560 virium,
471 2493 508 2547 ita
520 2492 642 2546 amicitias
655 2495 774 2561 appetere
786 2491 901 2545 maxime.
937 2491 979 2546 Ex
990 2510 1020 2545 eo

228 2571 290 2634 fieri,
310 2574 340 2622 ut
360 2567 514 2622 mulierculae
531 2567 611 2637 magis
632 2566 800 2621 amicitiarum
821 2565 938 2635 praesidia
956 2585 1021 2636 quae·

228 2651 294 2709 rant,
308 2662 382 2715 quam
396 2644 450 2708 viri,
464 2648 490 2698 et
502 2644 598 2712 inopes,
611 2660 687 2712 quam
700 2641 822 2712 opulenti,
834 2643 860 2694 et
872 2641 1020 2704 calamitosi,

229 2739 304 2791 quam
319 2719 394 2774 beati.
431 2720 452 2773 0
465 2718 609 2788 praclarum
622 2717 786 2787 sapientiam!
825 2715 911 2769 Solum
928 2718 993 2770 enim
1008 2724 1060 2771 el?

229 2796 323 2850 mundo
342 2794 431 2849 tollere
449 2794 575 2857 videntur,
595 2794 638 2862 qui
656 2793 791 2847 amicitiam
810 2810 825 2844 e
841 2792 895 2846 vita
911 2792 1021 2846 tollunt:

228 2892 279 2944 qua
299 2870 362 2924 nihil
383 2889 399 2924 a
420 2870 467 2924 diis
491 2867 677 2923 immortalibus
698 2866 788 2922 melius
809 2867 938 2932 hebemus,
959 2868 1024 2922 nihil
