2575 3367
375 339 444 388 LIB.
462 339 498 388 11.
519 340 596 389 CAP.
614 342 651 398 lt),
671 342 707 390 ll.
907 341 939 393 76

200 468 231 503 ειη
243 467 287 504 eos
300 455 327 506 et
343 456 518 522 oontemnunt,
530 454 557 508 in
569 454 662 526 quibus
677 453 740 508 nihrl
752 454 865 518 virtutis,
876 455 940 509 nihil

200 528 229 592 ri,
251 527 314 582 nihil
332 547 467 584 nemorum
485 535 584 601 putant.
626 532 687 586 Non
706 531 773 586 enim
791 549 878 585 omnes
895 550 939 586 eos

200 609 320 671 temnunt,
341 604 372 660 de
393 607 486 676 quibus
506 607 571 662 male
592 607 750 662 existimant.
787 607 854 662 Nam
875 626 939 678 quos

200 682 280 746 rubos,
299 684 440 752 maledicos,
454 685 629 740 fraudulentos
647 691 738 757 putant
755 690 781 740 et
799 685 830 740 ad
847 686 940 740 iacien-

200 805 202 812 ,
214 758 331 830 injuriam
344 761 492 827 instructos,
505 780 549 816 eos
562 767 729 818 contemnunt
741 761 842 833 quidem
855 763 939 816 neuti-

200 856 237 903 m;
262 837 307 892 sed
328 838 359 892 de
379 839 410 893 iis
431 839 496 894 male
515 839 669 894 existimant.
705 838 886 898 Quamobrem,
909 841 938 891 ut

200 912 283 979 edixi,
302 920 499 970 contemnuntur
514 916 539 977 ii.
554 915 597 987 qui
613 934 659 970 nac
674 915 733 984 att,
744 933 790 969 nec
806 915 890 981 alteri,
908 923 939 968 ut

200 995 257 1056 tur;
278 991 305 1045 in
321 992 413 1062 quibus
429 992 514 1046 nullus
535 992 612 1057 labor,
632 992 702 1047 nulla
719 991 851 1056 industria,
869 990 938 1044 nulla

200 1072 265 1122 rest.
302 1068 477 1124 Admiratione
490 1075 574 1125 autem
591 1069 736 1125 afficiuntur
746 1069 773 1134 ii,
786 1069 830 1140 qui
842 1069 939 1123 anteire
948 1072 979 1121 37

201 1144 237 1198 ris
249 1144 345 1200 virtuts
357 1150 487 1216 putantur,
501 1151 528 1201 et
541 1165 618 1217 quum
631 1145 700 1200 omni
712 1163 798 1200 carere
809 1144 939 1210 dedeoore,

217 1239 279 1275 vero
296 1222 327 1276 iis
345 1223 421 1288 vitiis,
440 1223 532 1293 quibus
551 1223 593 1277 alii
610 1241 663 1277 non
680 1222 753 1276 laoile
770 1225 878 1291 possunt
895 1223 941 1275 ob·

200 1315 243 1352 ue.
280 1299 345 1352 Nam
365 1303 391 1354 et
409 1299 560 1369 voluptates,
573 1298 743 1355 blandissima
760 1297 874 1362 dominre,
889 1315 940 1350 rna

200 1374 304 1444 spartis
322 1377 418 1430 animos
436 1395 453 1431 a
468 1378 564 1431 virtute
585 1375 756 1446 detorquent3
779 1378 806 1428 et
825 1372 939 1428 dolorum

200 1469 222 1504 m
237 1451 403 1508 admoventur
418 1454 491 1518 lanes,
505 1459 598 1524 praeter
613 1451 715 1508 modum
733 1450 846 1522 plerique
858 1455 939 1504 exter·

200 1545 242 1582 ur.
277 1529 347 1594 Vita,
363 1548 438 1595 mors,
454 1530 556 1596 divitiae,
570 1533 706 1600 paupertas
722 1546 809 1583 omnes
825 1527 939 1583 homines

200 1606 364 1661 eruentissime
377 1611 531 1676 permovent.
567 1608 630 1672 Qua
642 1606 685 1676 qui
697 1606 725 1659 in
735 1609 871 1675 utramque
883 1623 940 1674 par·

206 1675 313 1737 ''excelso
329 1683 413 1737 animo
429 1701 571 1754 magnoque
585 1682 736 1753 despiciunt,
749 1699 878 1752 quumque
897 1681 940 1735 ali·

211 1759 244 1813 iis
262 1757 345 1828 ampla
363 1762 389 1812 et
407 1759 572 1814 honestaras
590 1759 691 1830 objecta
708 1765 756 1822 est,
775 1761 845 1811 totos
863 1756 896 1810 ad
913 1774 940 1810 se

200 1834 272 1889 rertit
284 1839 311 1888 et
329 1835 403 1904 rapit,
416 1839 471 1889 tum
488 1835 608 1905 quianon
626 1835 765 1890 admiretur
781 1832 940 1904 splendorem

200 1910 410 1982 duritudinemque
421 1912 546 1967 virtutis?

200 1988 231 2042 21.
248 1988 319 2058 Ilrgo
337 1992 364 2041 et
378 1988 432 2043 haeu
448 1989 525 2044 animi
539 1989 704 2059 despicientia
721 1988 938 2044 admirabilitatem
949 1994 980 2040 88

200 2082 261 2127 mam
282 2064 357 2120 fauit:
376 2069 403 2120 et
420 2066 528 2121 maxime
540 2067 652 2136 justitia,
664 2085 696 2121 ex
712 2084 763 2138 qna
777 2084 829 2120 una
843 2067 940 2122 virtuto

200 2142 277 2195 'duaa'
294 2141 459 2211 appellantur,
472 2143 578 2198 mirifica
595 2143 709 2215 quaedam
728 2142 885 2198 multitudini
904 2144 940 2198 ri-

199 2236 236 2272 rrz
254 2235 302 2272 neo
314 2218 413 2289 injuria
448 2219 532 2275 Nemo
544 2220 611 2275 enim
620 2220 708 2292 justus
720 2238 777 2275 esse
788 2224 882 2291 potest,
896 2222 941 2292 qui

200 2299 261 2359 tem,
275 2294 318 2366 qui
331 2295 451 2362 dolorem,
462 2297 506 2368 qui
517 2297 642 2360 exsilium,
652 2298 694 2369 qui
707 2302 846 2367 egestatem
857 2299 939 2364 timet,

202 2372 297 2440 quiea,
312 2391 368 2442 quae
379 2372 419 2428 hia
437 2377 498 2427 sunt
514 2374 648 2439 contraria,
667 2375 781 2445 aequitati
799 2376 939 2446 anteponit.

200 2449 309 2518 timeque
322 2448 478 2504 admirantur
490 2468 556 2515 eum,
570 2451 613 2521 qui
625 2452 733 2521 pecnnia
743 2469 795 2505 nou
806 2457 939 2506 movetur:

200 2526 252 2581 lin
270 2544 321 2596 quo
333 2527 387 2581 viro
406 2531 566 2597 perspectum
586 2528 627 2591 sit,
640 2528 709 2582 huno
727 2527 780 2598 igni
797 2531 940 2596 spectatum

200 2607 309 2658 trantur.
345 2603 437 2674 ltaque
457 2603 500 2658 illa
519 2605 576 2669 tria,
599 2623 656 2676 quar
676 2605 806 2675 proposita
827 2607 887 2657 sunt
908 2602 941 2656 ad

200 2682 257 2745 iam,
272 2679 356 2733 omnia
363 2681 466 2749 justitia
478 2680 593 2736 conticit:
612 2685 639 2736 et
651 2679 860 2742 benevolentiam,
872 2678 941 2749 qnod

200 2757 264 2812 lesse
281 2757 337 2810 vult
349 2756 479 2826 plurimis3
498 2761 524 2811 et
536 2757 569 2811 ob
585 2757 697 2811 eamdem
711 2773 812 2810 oausam
824 2755 898 2809 fldem
913 2758 940 2808 et

201 2834 345 2898 irationem,
359 2833 427 2903 quod
440 2851 481 2887 eas
494 2851 535 2887 res
551 2835 648 2904 apernit
661 2837 687 2887 et
699 2831 814 2902 negligit,
828 2831 860 2886 ad
878 2849 940 2902 quas

199 2913 258 2983 ique
270 2911 420 2966 inflammati
431 2909 553 2966 ariditate
564 2910 708 2982 rapiuntur.
