2575 3367
432 306 500 357 ΜΒ.
519 307 539 358 l.
558 307 631 357 cAP.
650 309 673 365 8,
685 308 707 356 9.
940 307 968 356 ll

199 404 281 478 iopes
294 409 320 461 et
333 405 531 478 adgratificandi
540 407 702 463 facultatem:
720 410 751 462 ut
759 407 884 478 nuperll.
895 407 970 463 Cras·

199 502 224 539 ns
236 483 347 553 negabat
357 484 433 538 ullam
442 485 505 539 satis
514 503 630 556 magnam
641 484 774 555 pecuniam
786 485 881 549 csseei,
891 485 970 555 quiin

199 559 306 629 publica
318 561 435 631 princeps
444 561 520 616 vellet
533 579 596 626 csse,
609 564 683 630 cnjus
695 561 821 615 lmctibus
830 562 969 615 exercitum

199 654 243 691 ere
254 653 306 691 non
318 641 412 705 posset.
449 637 585 692 Delectant
597 637 674 692 etiam
690 636 825 707 mugnitlci‘
833 642 970 706 appannis

198 716 287 784 Ltoeqne
306 712 392 767 cultus
411 729 468 767 cnm
488 713 613 784 elegantia
632 717 659 768 et
676 713 763 783 copia:
783 711 876 783 quibus
894 713 970 768 rcbus

198 788 295 844 lectum
310 793 359 854 est,
372 790 403 842 nt
419 788 518 843 infinita
533 789 647 860 pecnnia
662 788 788 858 cupiditas
800 792 876 843 esset.
913 788 970 845 Neo

198 882 236 921 ero
252 865 289 919 rei
307 863 437 919 familiaris
456 865 623 936 amplificatio,
640 865 735 920 nemini
752 883 853 932 nocem,
869 864 969 934 vitupe-

198 939 256 997 tnda
273 945 327 995 est:
352 940 397 995 sed
413 939 535 1012 fuglenda
550 960 649 1013 semper
663 941 756 1012 injuria
771 945 819 996 est.
855 941 1007 996 Maximett

198 1021 261 1072 rtem
274 1016 435 1071 adducuntur
447 1017 575 1089 pleriqne3
595 1022 626 1072 ut
641 1035 686 1072 eos
700 1017 808 1086 justitie
825 1017 909 1087 capiat
925 1017 969 1072 ob-

197 1094 243 1162 vio,
252 1112 331 1164 quum
344 1095 372 1148 in
382 1095 551 1165 imperiorum,
562 1095 695 1162 honorum,
704 1093 791 1163 gloriae
803 1094 969 1166 cupiditatem

197 1170 330 1227 iciderumt.
368 1170 442 1236 Quod
454 1171 518 1225 enim
532 1173 571 1225 est
583 1171 651 1241 apud
663 1171 782 1236 Ennium,

472 1292 531 1301 —
540 1267 614 1313 Nulla
624 1272 706 1312 sancta
715 1266 821 1322 societas,

263 1346 306 1378 nec
316 1332 373 1378 fides
383 1333 447 1390 regni
457 1333 506 1379 est:

196 1407 287 1464 llatius
299 1411 378 1480 patet.
404 1408 430 1462 N
432 1427 479 1473 am,
488 1405 610 1478 quidquid
622 1405 746 1478 ejusmodi
757 1408 805 1471 est,
815 1406 843 1461 in
855 1423 905 1477 qno
917 1425 968 1462 nou

196 1485 275 1540 assint
287 1485 372 1555 plures
384 1484 514 1548 excellere,
526 1484 553 1538 in
564 1502 595 1539 eo
610 1485 640 1537 lit
656 1483 805 1555 plerumque
820 1487 894 1538 tanta
910 1501 968 1538 con·

196 1562 267 1626 antio,
280 1565 311 1616 ut
327 1561 499 1616 difficillimum
516 1561 550 1615 sit
566 1565 680 1616 sanctam
695 1578 796 1615 servare
812 1559 967 1615 societatem.

196 1637 324 1695 teclaravit
344 1637 371 1691 id
392 1636 465 1691 modo
485 1636 615 1692 temeritas
637 1637 666 1691 G.
687 1636 803 1702 Caesaris,
821 1636 865 1706 qui
885 1636 970 1691 omnia

196 1732 235 1770 rra
246 1713 332 1769 divina
344 1717 420 1783 atque
434 1713 544 1767 hnmana
560 1714 682 1783 pervertit
698 1717 802 1783 propter
813 1731 879 1778 enm,
892 1731 969 1784 quem

195 1790 227 1846 ti
246 1792 302 1861 ipse
323 1789 448 1860 opinionis
469 1807 554 1844 errore
574 1790 690 1857 finxerat,
708 1789 884 1860 principatum.
920 1789 969 1844 Est

195 1871 265 1923 utem
277 1867 303 1921 in
314 1866 363 1920 hoc
374 1883 466 1936 genere
478 1865 620 1932 molestum,
633 1866 702 1935 qnod
713 1865 741 1920 in
751 1865 867 1920 maximis
879 1864 969 1919 animis

195 1941 437 2015 plendidissimisque
445 1941 553 2013 ingeniis
561 1943 710 2013 plerumque
718 1942 846 1997 exsistunt
857 1941 968 2006 honoris,

195 2018 284 2089 nperii,
302 2018 431 2089 potentia,
449 2018 535 2089 gloria
555 2017 716 2089 cupiditates.
752 2017 812 2076 Quo
830 2017 910 2086 magis
928 2035 969 2072 ce-

195 2094 288 2151 endum
310 2097 357 2158 est,
374 2113 407 2149 nc
428 2094 490 2166 quid
506 2095 533 2148 in
550 2113 581 2149 eo
598 2112 691 2165 genere
709 2097 837 2164 peccetur.
874 2092 925 2147 Sed
942 2093 1006 2154 inst

195 2171 247 2226 mni
270 2170 397 2241 injustitia
420 2170 573 2242 permultum
593 2171 709 2239 interest,
730 2173 817 2224 utrum
838 2168 969 2239 perturba·

194 2248 248 2302 ione
269 2246 353 2318 aliqua
373 2247 533 2318 animique
554 2245 703 2316 plerumque
725 2246 809 2302 brevis
829 2250 869 2301 est
890 2250 917 2301 et
937 2246 969 2301 sd

194 2341 288 2394 empus,
306 2341 339 2377 an
357 2323 474 2378 consulto
490 2332 517 2377 et
534 2322 648 2393 cogitato
663 2324 708 2377 fiat
725 2323 825 2394 injuris.
861 2322 970 2377 Leviora

194 2399 246 2455 nim
268 2402 328 2454 snut
352 2417 389 2465 ea,
411 2417 467 2469 quas
490 2399 622 2470 repentino
642 2399 727 2471 aliquo
750 2402 823 2453 motu
843 2398 969 2460 accidunt,

194 2494 253 2532 num
272 2493 310 2540 en,
327 2493 384 2545 quoe
401 2474 523 2529 meditata
539 2479 566 2530 et
586 2479 727 2547 praeparatu
743 2475 895 2530 inferuntur.
931 2475 969 2528 Ac

194 2551 353 2608 einlerenda
365 2549 466 2622 quidem
478 2551 571 2622 injuria
586 2553 650 2606 setis
666 2551 763 2606 dictum
778 2554 826 2606 est.

212 2629 261 2684 IX.
280 2626 508 2682 Praetermittendae
519 2632 603 2683 antem
619 2627 773 2683 defensionis
788 2622 969 2694 deserendique
975 2644 1007 2688 28

193 2705 252 2761 llicii
265 2704 350 2775 plures
363 2704 445 2758 solent
457 2721 512 2758 esse
524 2721 613 2760 causae.
638 2703 707 2758 Nam
716 2701 911 2757 antinimicitias
924 2706 969 2755 aut

193 2783 289 2838 aborem
302 2784 347 2834 aut
357 2784 473 2850 sumptus
486 2781 612 2848 suscipere
623 2780 729 2834 nolunt:
748 2777 881 2832 autetiam
889 2776 969 2847 negli-

193 2859 273 2924 entin,
286 2856 397 2928 pigritia,
410 2855 509 2922 inertia,
524 2862 569 2913 aut
585 2857 638 2912 suis
655 2854 748 2911 studiis
763 2853 923 2926 ambustam
932 2870 979 2906 oce
