2575 3367
203 302 206 309 ’
284 307 323 355 46-
569 303 617 350 DE
635 300 790 349 oculeus

285 429 342 480 quae
359 412 434 463 erunt
452 408 479 462 in
495 410 575 479 ipsias
593 411 729 480 potestate,
743 407 879 478 justitiam,
893 406 978 473 fidem,
991 407 1083 464 libere·

284 487 392 549 litatem,
417 485 573 550 modestiam,
598 485 869 556 temperantiamque
889 483 974 538 minus
996 485 1030 539 ab
1052 503 1083 540 eo

286 562 319 627 id,
338 561 405 632 quod
419 560 494 626 desit,
510 563 661 632 requiratur.
697 560 802 630 Optima
819 563 903 613 autem
921 559 1051 621 heredites
1068 580 1085 617 a

286 644 329 709 pat
318 638 400 694 tribus
417 639 497 694 tradit
486 644 529 692 tur
546 639 640 706 liberis,
652 637 772 709 omnique
790 636 943 707 patrimonio
960 642 1084 708 praestan·

284 717 342 781 tior,
360 716 441 786 gloria
457 715 546 770 virtut
539 734 561 770 rs
579 732 714 785 rerumque
731 717 879 784 gestarum:
906 712 950 768 cui
966 714 1085 770 dedecori

285 811 349 858 esse,
361 792 433 845 neias
445 792 492 845 ιι
484 791 590 860 impium
600 790 766 862 judicandum
777 796 827 844 est.
1089 836 1094 851 ,

231 868 278 914 122
320 868 449 923 XXXIV.
468 868 503 922 Et
492 869 643 939 tquoniam
664 867 746 921 officia
762 883 814 920 non
833 864 923 920 eadem
941 826 1085 956 disparibus

285 944 404 1000 aetatibns
423 943 544 998 tribuunt
532 948 583 1010 t,ur
597 944 696 1014 aliaque
713 946 800 998 sunt
788 960 920 1030 Juvenum,
938 943 989 998 slis
1005 945 1086 1001 senio·

284 1039 358 1086 ram;
383 1019 522 1091 aliquidt
495 1020 572 1074 eiam
590 1020 622 1075 de
637 1020 686 1075 hac
703 1018 816 1074 distinct
809 1036 867 1073 rone
883 1019 1018 1075 dicendum
1036 1027 1089 1077 est..

285 1097 334 1152 Est
351 1097 432 1167 igitur
449 1095 624 1161 adolescentis,
638 1098 746 1165 majores
763 1102 829 1150 natu
844 1095 934 1161 vereri,
952 1114 1037 1168 exque
1053 1096 1085 1153 iis

286 1173 396 1244 deligere
405 1173 515 1245 optimos
525 1176 552 1228 ιι
562 1172 762 1244 probatissimos,
772 1189 881 1242 quorum
889 1172 996 1228 consilio
1008 1177 1086 1245 atque

286 1250 438 1305 auctoritate
450 1249 548 1304 nitatur
557 1273 570 1305 ι.
581 1248 694 1304 ineuntis
703 1248 772 1303 enim
783 1247 867 1303 etatis
881 1247 985 1303 inscitia
996 1267 1085 1305 senum

286 1326 464 1382 constituenda
476 1330 502 1381 et
514 1325 626 1397 regenda
637 1323 773 1396 prudentia
788 1328 836 1379 est
871 1324 987 1381 Maxime
999 1329 1093 1385 auteur.

286 1403 341 1458 haeo
358 1406 420 1458 aetes
432 1421 448 1457 ι
459 1402 605 1458 libidinibns
621 1401 730 1456 arcenda
745 1404 786 1456 est
802 1400 995 1472 exercendaque
1012 1402 1041 1458 in
1050 1402 1087 1459 la·

286 1479 348 1534 bore
367 1479 538 1549 patientiaque
550 1481 577 1532 ιι
592 1477 671 1532 animi
682 1480 710 1532 ιι
724 1476 845 1547 corporis,
857 1480 889 1532 ut
905 1495 997 1533 eornm
1014 1481 1042 1535 et
1058 1479 1086 1535 in

287 1554 384 1608 bellicis
399 1557 426 1608 et
444 1554 471 1608 in
489 1553 604 1608 civilibus
621 1553 709 1607 officiis
727 1553 813 1624 rigeat
829 1553 963 1610 industria.
999 1556 1086 1626 Atque
1123 1605 1124 1624 ,

288 1629 373 1694 etiam,
396 1648 475 1700 quum
498 1629 611 1684 relaxare
635 1628 733 1683 animm
754 1634 781 1684 et
802 1628 862 1684 dare
882 1647 911 1685 se
927 1630 1095 1699 jucunditati.

289 1706 383 1770 volent,
406 1708 512 1761 caveant
532 1705 761 1774 intemperantiam,
784 1704 944 1761 meminerint
965 1725 1086 1763 verecun-

289 1782 344 1848 die,
368 1781 437 1853 quod
457 1782 506 1836 erit
527 1781 634 1846 facilius,
657 1781 680 1835 si
699 1781 727 1836 in
747 1781 872 1852 ejusmodi
889 1781 992 1853 quidem
1010 1783 1086 1839 rebus

235 1865 281 1911 123
289 1863 397 1930 majores
413 1863 475 1913 natu
491 1858 577 1914 volent
594 1858 727 1912 interesse.
764 1858 873 1912 Senibus
889 1862 976 1914 autem
987 1859 1086 1916 labores

289 1937 404 2006 corporis
421 1934 559 2000 minuendi,
572 1934 766 1990 exercitationes
783 1934 859 1989 animi
872 1935 948 1990 etiam
964 1937 1087 2006 augenda

289 2013 426 2069 videntur:
451 2012 533 2067 danda
550 2030 610 2068 vero
627 2029 712 2082 opera,
724 2014 755 2065 ιιι
773 2019 800 2065 et
818 2011 911 2066 amicos
923 2015 951 2066 et
966 2011 1087 2082 juventu·

290 2093 342 2145 tem
355 2095 382 2144 et
393 2090 502 2144 maxime
513 2087 694 2160 rempublicam
706 2087 811 2142 consilio
823 2090 850 2141 ιι
862 2088 999 2157 prudentia
1011 2108 1086 2161 quam

290 2167 426 2237 plurimum
439 2167 568 2236 adjurent.
603 2165 677 2220 Nihil
694 2168 779 2220 autern
797 2165 878 2235 magis
895 2166 1037 2222 cavendum
1047 2169 1087 2223 est

291 2244 425 2308 senectuti,
439 2262 513 2313 quam
525 2262 557 2298 ne
569 2243 686 2315 languori
697 2261 725 2298 se
737 2241 889 2314 desidiaeque
901 2243 985 2299 dedat
1014 2245 1096 2301 Lux·-

291 2321 348 2374 uria
360 2337 420 2373 vero
432 2338 511 2389 quum
522 2320 591 2374 omni
605 2319 676 2374 aetati
687 2319 777 2389 turpis,
790 2322 847 2373 turn
863 2321 992 2376 senectuti
1003 2321 1087 2377 fodis

292 2396 357 2451 sima
376 2398 424 2449 est.
467 2395 512 2449 Sin
533 2399 665 2450 autemt
638 2396 715 2450 etiam
737 2395 869 2451 libidinum
893 2397 1088 2469 intemperantis

293 2490 377 2526 access
378 2471 434 2536 erit,
456 2471 572 2602 duplext
570 2472 663 2526 malam
688 2476 736 2538 est,
758 2473 828 2542 quod
852 2484 879 2527 ιι
897 2473 953 2544 ipsa
970 2480 1088 2530 senectus

294 2548 402 2602 dedecus
415 2548 572 2677 concipitet
584 2549 645 2603 iacit
633 2548 860 2604 tadolescentium
877 2549 1088 2619 impudentiorem

238 2626 332 2681 ierint
334 2630 464 2755 emperant
465 2625 522 2679 iam.
557 2626 596 2680 Ac
613 2644 646 2679 ne
665 2625 728 2680 illud
749 2625 850 2713 quidem
871 2627 981 2681 alienum
999 2635 1041 2683 est
1057 2627 1089 2683 de

293 2702 497 2772 magistratuum,
511 2700 542 2756 de
559 2703 715 2772 privatorum
734 2701 834 2766 civium,
848 2701 880 2757 de
896 2704 1089 2774 peregrinorum

293 2778 380 2832 officiis
394 2778 485 2832 dicere.
521 2778 569 2832 Est
581 2778 662 2848 igitur
673 2778 802 2848 proprium
815 2796 907 2832 munus
923 2781 1088 2850 magistratus

293 2852 443 2925 intelligere,
456 2872 484 2910 se
495 2871 584 2926 gerere
596 2871 728 2925 personam
744 2853 862 2919 civitatis,
875 2854 1019 2930 debereque
1034 2859 1089 2935 eius
