2575 3367
321 247 365 293 102
600 242 649 291 DE
667 241 822 290 ourlcus

318 362 496 430 repugnarent.
533 358 607 424 Quod
619 377 697 429 quum
710 358 748 412 ite
759 358 801 426 sit,
814 360 908 429 putant
919 356 1034 428 quidam,
1047 358 1077 413 ha

318 437 529 507 comparationem
547 453 599 490 uon
616 440 686 490 reete
702 435 944 498 introductarum
961 436 1065 491 omniuo

318 530 349 568 eo
361 530 453 584 genere
464 513 604 583 quidquam
615 511 812 582 precipieudum
825 511 913 566 tuisse.
950 513 1040 582 Atque
1051 512 1077 566 ill

319 590 419 661 quidem
437 590 575 653 truncatum,
593 587 662 659 quod
680 587 780 658 proprie
797 605 908 659 vereque
925 585 1030 653 dieitur,
1042 588 1069 643 id

317 666 471 736 sapienatibus
489 668 529 719 est
547 664 615 732 solis,
631 682 715 735 neque
735 681 753 717 a
773 667 866 719 vineto
886 663 973 720 divelli
992 684 1077 735 umqm

318 746 403 812 potest
411 763 418 807 ;
437 741 511 795 iniis
528 745 623 806 autem,
637 739 770 811 inquibus
788 741 914 812 sapientie
929 740 1047 811 perfecta
1062 761 1077 797 u

318 822 366 884 est,
374 818 457 887 ipsum
465 816 528 872 iilud
536 816 638 887 quadem
649 816 791 888 perfeetum
802 816 938 871 honestum
948 817 1021 873 uuilo
1029 836 1077 873 mos

281 899 311 946 14
319 893 496 948 similitudines
512 892 614 948 honesti
632 911 689 948 esse
707 895 823 963 possunt.
858 893 924 948 Heu
942 894 1011 949 enim
1029 912 1077 949 omi

318 970 407 1040 afficto,
426 969 458 1024 de
477 969 570 1039 quribus
589 969 629 1024 hia
648 968 719 1024 libris
738 969 905 1039 disputamus,
925 970 1013 1025 medae
1033 973 1077 1025 Sto

318 1045 460 1117 appellent3
479 1064 510 1101 ee
529 1045 673 1100 eommunia
693 1049 754 1100 suut
772 1049 800 1100 et
820 1045 872 1101 iate
892 1048 990 1116 patent,
1011 1064 1069 1115 quse

317 1122 412 1194 ingenii
423 1121 537 1178 bonitete
548 1122 624 1177 multi
640 1125 812 1193 assequuntur
827 1126 854 1177 et
867 1121 1048 1193 progressione
1064 1122 1077 1177 d

317 1199 399 1255 oendi
435 1199 504 1255 illud
519 1202 605 1253 autem
620 1198 738 1264 officium,
752 1197 819 1269 quod
831 1208 926 1252 rectum
937 1197 1015 1253 iidem
1028 1217 1077 1270 app

318 1275 380 1341 lant,
390 1276 530 1346 perfeetum
542 1279 619 1345 atque
631 1274 777 1329 absolutum
788 1278 836 1339 est,
844 1277 879 1338 et,
887 1276 918 1328 ut
927 1274 1005 1329 iidem
1015 1274 1077 1330 dieu

318 1369 405 1406 omnes
420 1368 539 1407 numeros
555 1351 640 1413 habet,
654 1368 701 1406 uso
716 1354 809 1421 preter
824 1350 965 1420 sapientem
978 1350 1070 1407 eadere

279 1432 310 1480 15
318 1444 468 1498 quemquem
480 1430 574 1497 potest.
610 1427 700 1486 Quum
716 1430 802 1481 sutem
813 1425 910 1496 aliquid
925 1429 1014 1482 aetum
1026 1433 1073 1496 est,

319 1519 370 1573 quo
382 1502 465 1557 medie
475 1503 557 1558 officis
567 1505 738 1574 compareant,
749 1502 776 1558 id
793 1502 921 1558 cumulate
933 1502 1039 1559 videtur
1055 1523 1077 1560 es

317 1577 473 1647 perfeetum:
493 1584 626 1650 propterea
645 1579 714 1651 quod
732 1579 831 1650 vulgus,
849 1578 912 1650 quid
930 1578 998 1634 absit
1018 1600 1036 1634 s
1055 1600 1077 1652 p

318 1652 394 1720 teoto,
416 1672 468 1709 non
487 1655 541 1710 fere
560 1655 697 1727 iutelligit:
722 1660 847 1726 quatenus
871 1658 958 1709 autern
978 1655 1071 1728 inteiiip

318 1729 383 1785 nihil
399 1734 474 1801 putat
490 1732 696 1802 praetermissum.
733 1730 810 1792 Quod
822 1731 884 1785 item
901 1731 929 1784 iu
943 1734 1066 1802 poemmi

317 1806 346 1861 in
356 1807 463 1878 pioturis
473 1826 523 1862 usu
535 1809 612 1872 venit,
626 1809 654 1862 iu
669 1807 774 1878 aliisque
790 1806 972 1875 oompluribns,
984 1813 1017 1864 ut
1029 1809 1060 1865 de

317 1885 407 1939 tantur
421 1884 532 1955 imperiti
542 1884 696 1955 laudentque
714 1902 751 1949 ea,
765 1902 821 1955 que
838 1883 964 1938 laudanda
978 1902 1033 1939 non
1049 1904 1055 1939 r

318 1957 351 2014 ob
366 1978 429 2026 eam,
442 1960 524 2026 oredo,
537 1977 647 2023 oausam,
657 1959 725 2031 quod
743 1959 804 2014 insit
819 1959 847 2014 in
863 1959 895 2014 iis
912 1960 1011 2031 aliquid
1030 1980 1049 2032 p

318 2035 386 2104 quod
397 2036 480 2107 espiot
492 2036 600 2107 ignaros,
614 2036 658 2107 qui
670 2034 778 2107 quidem,
790 2034 851 2106 quid
862 2034 890 2089 in
901 2053 953 2090 uus
968 2054 1044 2108 qusqu

317 2109 374 2164 vitii
386 2111 427 2175 sit,
440 2116 567 2182 nequeant
576 2111 696 2182 judicare
732 2113 823 2182 Itaque
834 2129 913 2182 quum
928 2116 991 2168 sunt
1008 2114 1039 2169 dc

317 2184 414 2253 peritis,
426 2185 554 2242 desistunt
565 2188 637 2242 facile
650 2187 783 2242 wnteutia

352 2261 399 2315 IV.
417 2263 482 2318 Hoeo
493 2265 572 2335 igitur
580 2267 670 2331 officia,
681 2264 811 2337 dequibus
822 2265 862 2320 his
870 2264 942 2321 libris
951 2266 1028 2323 dissei

316 2339 393 2406 quasi
402 2340 513 2392 secunda
524 2342 643 2410 quosdam
654 2342 758 2396 tomenta
770 2360 825 2396 esse
837 2341 933 2406 dieunt,
946 2361 1000 2398 uon
1012 2363 1023 2399 s

316 2414 373 2467 tum
385 2412 459 2468 modo
471 2415 579 2485 proprio,
589 2416 634 2471 sed
645 2435 702 2472 oum
712 2418 780 2472 omni
791 2417 920 2472 hominum
933 2437 1017 2488 gener

277 2490 408 2549 romanie
437 2491 528 2561 Itaque
539 2491 571 2545 iis
583 2508 677 2557 omnes,
690 2493 717 2547 in
729 2494 820 2563 quibus
832 2499 872 2547 est
884 2494 989 2549 virtutis
1002 2496 1010 2550 i

314 2570 513 2621 eommovontur.
548 2567 605 2623 Nee
616 2587 676 2623 vero
689 2587 766 2639 quum
778 2569 829 2623 duo
845 2569 917 2624 Decii
929 2575 975 2625 aut
988 2571 1005 2625 d

313 2641 402 2710 pioues
413 2641 493 2697 fortes
505 2643 553 2697 viri
568 2652 804 2711 oommemorantur,
816 2649 860 2699 aut
877 2663 956 2715 quum
974 2647 1001 2701 F:

314 2723 360 2771 eut
372 2717 497 2773 Aristides
503 2721 593 2788 justus
604 2721 755 2785 nominatur,
769 2725 814 2775 aut
828 2721 859 2774 ab
876 2722 924 2776 illis
937 2723 997 2777 forti

315 2795 360 2846 sut
378 2791 410 2846 ab
431 2793 471 2848 his
488 2795 596 2867 justitie
619 2800 745 2867 tamquam
767 2815 783 2851 s
806 2798 919 2868 sapiente
942 2804 992 2869 pet'
