2575 3367
276 311 314 360 88'
559 311 609 360 DE
626 313 782 361 OFFICIIS

274 425 421 492 mtegresuu
432 423 472 476 est
483 420 611 477 honestus.
639 424 731 493 Itaque
743 441 794 478 nun
806 423 887 478 solum
898 422 926 479 in
937 424 988 480 huo
998 428 1071 496 parte

274 497 422 564 honestatis,
436 498 467 554 de
479 518 530 569 que
545 501 594 554 hoe
609 499 665 554 loeo
681 500 855 555 disserendum
865 504 914 565 eet,
928 502 975 556 eed
993 503 1070 556 etiam

273 575 301 628 in
319 574 401 630 tribus
417 575 596 646 superioribus,
614 576 677 647 quid
694 576 789 641 deceat,
807 581 920 647 apparet.
957 579 1026 633 Num
1043 583 1070 634 et

273 651 371 707 ratione
380 652 418 707 uti
431 657 507 723 atque
516 653 629 707 oratione
642 652 779 723 prudenter
788 658 814 707 et
827 672 909 724 agere,
920 654 990 724 quod
999 674 1071 726 agae,

273 728 440 793 considerate,
454 728 572 800 omnique
585 730 612 783 in
623 747 659 794 re,
673 728 733 800 quid
747 730 782 783 eit
793 731 854 795 veri,
869 729 954 786 videre
963 738 991 786 et
1003 732 1070 788 tueri

272 803 360 859 deeet:
382 808 520 876 contraque
535 805 595 870 lulli,
608 824 700 870 errore,
713 805 772 869 lubi,
788 806 870 877 decipi
885 811 938 860 tem
954 807 1071 875 dedeeet,

272 899 348 952 quum
368 881 474 938 delirare
490 888 516 937 et
534 887 619 938 mente
636 900 693 937 esse
711 886 830 952 captum:
851 887 878 937 et
894 884 966 954 jueta
984 886 1070 940 omniu

272 955 363 1012 deeora
382 963 458 1014 runt:
485 958 582 1030 injusta
601 963 698 1023 contro,
718 965 748 1013 ut
768 959 861 1029 turpio,
883 959 924 1014 sio
940 960 1068 1017 indeeorn

273 1033 366 1089 Similir
382 1039 422 1089 est
440 1035 506 1090 ratio
521 1035 687 1090 tortitudinis.
723 1035 798 1100 Quod
813 1036 880 1090 enim
894 1035 1004 1092 viriliter
1015 1039 1070 1093 ani·

271 1127 362 1182 moque
374 1129 466 1182 magno
482 1112 518 1178 fit,
532 1111 558 1166 id
573 1111 678 1182 dignum
694 1112 750 1166 viru
764 1115 791 1166 et
809 1111 927 1167 deuotum
945 1113 1065 1168 videtur:

228 1196 259 1243 95
271 1187 338 1258 quod
351 1192 446 1254 eontra,
459 1188 486 1244 id
497 1192 528 1243 ut
540 1193 623 1259 turpe,
631 1189 668 1244 sio
677 1188 831 1244 indeoorum.
857 1189 942 1253 Quare
955 1190 1068 1258 pertinet

271 1264 372 1335 quidem
384 1264 417 1320 ed
425 1283 525 1321 omnem
536 1265 695 1320 honestatem
708 1265 763 1329 hoo,
774 1263 842 1335 quod
854 1263 917 1329 dieo,
928 1265 1068 1333 decorum,

271 1345 297 1396 et
309 1341 347 1396 itu
358 1342 475 1413 pertinet,
488 1345 519 1398 ut
530 1360 582 1397 non
592 1341 724 1398 recondito
740 1340 848 1412 quadem
862 1341 961 1396 ratione
980 1360 1068 1397 eerne-

270 1421 321 1482 tur,
335 1419 380 1473 sed
395 1418 430 1473 sit
441 1419 469 1474 in
480 1422 607 1490 promptu.
642 1419 692 1473 Est
707 1418 774 1473 enim
792 1416 919 1488 quiddam,
931 1417 1011 1489 idque
1029 1421 1080 1474 in·-

270 1494 396 1565 telligitur
406 1495 434 1550 in
445 1495 513 1549 omni
521 1495 625 1560 virtute,
634 1494 703 1566 quod
712 1494 814 1549 deeeet:
833 1493 902 1565 qnod
910 1496 1068 1565 <rogitatione

270 1570 351 1642 magis
363 1588 379 1625 u
390 1571 485 1626 virtute
499 1574 591 1641 potest,
603 1589 679 1642 quem
691 1589 720 1627 re
737 1571 856 1641 reparari
890 1571 931 1626 Ut
942 1579 1080 1628 venustae.

270 1649 297 1702 et
308 1647 470 1717 pulchritudo
482 1647 594 1719 eorporis
606 1647 704 1702 eeeerni
714 1665 767 1701 non
777 1650 862 1717 potest
875 1664 892 1700 e
902 1647 1049 1704 valetudine
1058 1667 1079 1704 ε’

270 1723 307 1779 eiu
318 1724 373 1788 hoo,
387 1723 418 1778 de
431 1742 481 1795 quo
494 1724 628 1794 loquimur,
641 1723 769 1787 deoorum,
781 1727 866 1777 totum
882 1723 946 1777 illud
962 1725 1065 1794 quidem

270 1803 310 1856 eet
322 1819 380 1856 oum
391 1800 487 1858 virtute
498 1802 640 1866 eonfusum,
654 1799 700 1855 eed
711 1804 796 1855 mente
808 1803 835 1854 et
846 1800 1002 1870 eogitatione
1014 1801 1066 1856 die-

227 1882 257 1930 96
269 1878 405 1949 tinguitur.
440 1878 489 1933 Est
500 1882 585 1933 eutem
598 1878 654 1947 ejus
670 1876 806 1946 deemiptio
818 1875 919 1946 duplex.
956 1876 1025 1932 Num
1037 1881 1065 1932 et

270 1954 387 2024 generale
403 1954 529 2025 quoddam
545 1954 664 2010 denorum
681 1952 853 2023 intelligimus,
867 1951 938 2022 quod·
951 1952 983 2007 in
995 1954 1065 2009 omm’

269 2030 402 2089 honestate
414 2037 537 2099 vereatur,
550 2035 577 2088 et
589 2030 657 2087 uliud
668 2029 729 2085 huie
740 2028 891 2098 subjeetum,
905 2029 976 2098 quod
985 2030 1065 2100 perti·

269 2112 314 2162 net
326 2108 358 2163 ed
369 2109 481 2180 singulm
493 2113 579 2180 partes
591 2105 741 2162 honentatis.
773 2107 861 2176 Atque
871 2105 934 2159 illud
946 2107 1066 2176 superine

269 2184 307 2238 oio
318 2184 372 2239 lere
383 2184 482 2240 definiri
493 2186 573 2240 uolet:
597 2184 744 2238 Decorum
760 2181 787 2237 id
805 2199 868 2250 eree,
884 2183 951 2251 quod
966 2201 1065 2238 conun-

270 2264 367 2314 taneum
378 2265 412 2314 rit
423 2263 526 2315 hominio
536 2262 689 2317 excellentie
696 2261 724 2314 in
735 2277 769 2324 eo,
781 2261 809 2312 in
821 2276 868 2328 quo
878 2263 972 2312 natm
982 2260 1036 2328 rrj’ur
1046 2279 1066 2314 a

269 2338 372 2405 reliquis
382 2339 548 2392 animantibus-r
560 2339 669 2408 differat.
706 2336 772 2400 Qum·
780 2339 865 2389 mrtem
878 2352 937 2404 pure
948 2334 1078 2404 subjeete⁴

269 2411 357 2482 generi
380 2416 428 2476 eet,
448 2430 504 2467 eum
524 2412 561 2469 uio
584 2412 716 2481 definiunt,
734 2418 764 2466 ut
784 2409 813 2465 id
829 2412 967 2465 decorem
983 2411 1063 2466 velint

269 2490 413 2560 essequod
427 2491 467 2544 ita
482 2493 579 2545 nature
592 2493 778 2544 commemor
791 2490 833 2552 rit,
849 2491 880 2541 ut
895 2489 923 2541 in
939 2505 968 2542 eo
984 2490 1065 2542 mode·

269 2569 336 2621 ratio
353 2571 378 2622 et
395 2569 557 2636 temperantia
577 2569 700 2635 appareat
715 2583 769 2619 mum
784 2566 863 2634 rpecie
880 2564 987 2634 quadam
1005 2566 1064 2619 lihe-

270 2645 330 2698 ruli.

228 2732 257 2783 97
305 2726 433 2782 XXVIIL
449 2724 514 2780 Eme
522 2722 560 2778 itu
566 2722 681 2795 intelligi,
689 2740 824 2794 possumus
833 2721 979 2776 existimare
990 2740 1023 2776 ex
1031 2740 1065 2778 eo

271 2802 369 2869 deooro,
379 2802 446 2875 quod
454 2804 535 2873 poete
542 2805 701 2871 sequuntur:
714 2799 746 2855 de
753 2816 804 2870 quo
811 2797 859 2852 ulio
867 2798 922 2853 loeo
930 2797 1003 2868 plura
1012 2799 1063 2855 diei

270 2879 360 2936 solent
395 2879 446 2936 Sed
457 2884 514 2935 tum
525 2895 626 2934 serrem
634 2876 697 2932 illud
709 2881 805 2947 poetes,
814 2873 883 2946 quod
895 2873 991 2942 deoeet,
1001 2875 1063 2932 dioi-
