2575 3367
389 340 438 388 DE
457 339 676 388 SENECTUTE.
705 340 779 390 CAP.
797 345 835 390 21.
978 344 1006 388 31

217 447 408 514 adolescentiam
429 465 492 502 num
505 466 535 502 ea
546 453 666 503 constans
681 447 734 519 jam
750 447 856 517 requirit
871 451 940 514 aetas,
954 467 1010 519 quae

217 525 301 579 media
313 524 424 579 dicitur?
452 525 518 579 Sunt
530 525 606 579 etiam
619 525 694 595 hujus
707 524 804 578 aetatis:
823 541 855 577 ne
868 542 898 578 ea
909 525 1009 596 quidem

217 605 366 673 quaeruntur
380 619 396 654 a
413 604 561 667 senectute;
587 605 648 655 sunt
666 605 780 655 extrema
796 599 908 670 quaedam
926 602 1011 657 studia

217 677 357 732 senectutis
368 699 374 730 ι
393 694 462 747 ergo,
473 679 503 730 ut
511 675 670 746 superiorum
679 680 784 732 aetatnm
792 676 1009 742 studiaoccidunt,

217 753 254 808 sio
266 752 385 807 occidunt
397 753 473 807 etiam
486 752 634 808 senectutis.
666 753 743 812 Quod
756 772 834 824 quum
847 753 939 821 evenit,
951 755 1010 808 sati·

217 833 272 883 etas
285 829 343 883 vitoe
356 832 456 898 tempus
469 833 596 882 maturum
609 830 699 884 mortis
711 830 792 884 affert.

253 905 327 958 XXI.
344 904 469 975 Equidem
483 922 536 959 non
551 905 632 970 video,
646 924 700 973 cur,
712 905 772 976 quid
788 905 842 975 ipse
856 905 962 960 sentiam
979 905 1010 960 de
1020 912 1050 962 77

217 984 373 1044 mortemon
388 980 493 1034 audeam
506 979 577 1035 robis
592 980 691 1036 dicere:
711 981 779 1051 quod
794 998 825 1036 eo
842 981 931 1036 melius
949 982 1011 1036 mihi

217 1074 321 1112 cernere
333 1055 428 1121 videor,
442 1074 493 1126 quo
505 1056 537 1111 ab
549 1074 577 1112 ea
596 1057 701 1127 propius
712 1057 808 1111 absum.
843 1057 900 1127 Ego
913 1061 1011 1113 vestros

217 1136 312 1202 patres,
326 1132 356 1187 P.
369 1131 461 1202 Scipio,
471 1135 561 1202 utque,
575 1133 603 1187 (l.
611 1133 683 1198 Laeli,
696 1133 764 1188 viros
776 1132 927 1188 clarissimos
939 1133 1011 1188 mihi·

218 1226 268 1278 que
280 1206 452 1270 amicissimos,
466 1208 549 1262 virere
559 1207 686 1264 arbitror:
705 1213 731 1264 et
741 1227 796 1263 eam
809 1208 911 1280 quidem
922 1209 1010 1274 vitam,

218 1302 275 1354 quae
287 1287 327 1338 est
338 1283 393 1337 sola
405 1283 458 1338 vita
469 1282 628 1340 nominanda.
666 1285 742 1350 Nam,
755 1284 816 1338 dum
832 1301 920 1338 sumus
932 1283 959 1337 in
971 1284 1011 1339 his

217 1359 309 1414 inclusi
318 1358 481 1430 compagibus
491 1359 611 1429 eorporis,
621 1378 726 1414 munere
735 1357 844 1430 quodam
850 1359 1011 1414 necessitatis

218 1438 245 1491 et
257 1434 329 1506 gravi
345 1452 421 1504 opere
438 1434 630 1504 perfungimur:
650 1440 690 1490 est
705 1434 772 1489 enim
788 1434 886 1489 animus
904 1433 1011 1490 celestis

218 1529 252 1565 ex
268 1509 391 1564 altissimo
409 1508 534 1565 domicilio
554 1509 689 1580 depressus
707 1515 734 1565 et
751 1510 824 1580 quasi
840 1509 969 1564 demersus
985 1511 1012 1565 in

218 1590 320 1650 terram,
333 1585 415 1640 locum
429 1585 519 1639 divinae
531 1590 629 1640 naturae
645 1586 832 1657 eternitatiqne
848 1586 1011 1641 contrarium.

219 1661 270 1716 Sed
282 1661 364 1726 oredo,
379 1661 448 1715 Deos
460 1661 614 1716 immortales
627 1663 749 1732 sparsisse
762 1663 857 1716 animos
868 1662 895 1716 in
907 1680 1013 1732 corpora

218 1740 337 1805 humana,
349 1742 379 1793 ut
394 1742 487 1804 essent,
501 1739 545 1810 qui
560 1743 642 1793 terras
659 1742 800 1804 tuerentur,
814 1739 915 1809 quique,
928 1740 1013 1794 caeles-

219 1814 284 1869 tium
291 1813 405 1868 ordinem
414 1815 621 1886 contemplantes,
631 1814 792 1869 imitarentur
804 1832 862 1868 eum
870 1814 929 1868 vitae
937 1815 1012 1870 modo

219 1893 297 1961 atque
308 1890 457 1946 constantia
479 1892 537 1946 Nec
548 1908 589 1945 me
601 1890 685 1944 solum
697 1890 762 1945 ratio
774 1907 803 1944 ao
815 1889 955 1960 disputatio
966 1891 1013 1944 im·

219 1965 293 2036 pulit,
311 1969 342 2020 ut
359 1965 396 2020 ita
413 1966 548 2031 crederem,
562 1965 607 2020 sed
624 1965 743 2020 nobilitas
760 1964 838 2020 etiam
856 1984 1011 2020 summorum

219 2041 427 2113 philosophorum
440 2045 466 2096 et
478 2042 624 2097 auctoritas.

230 2135 231 2138 ¹
253 2116 396 2172 Audiebam
404 2117 577 2189 Pythagoram
589 2115 822 2188 Pythagoreosque
835 2116 929 2171 incolas
942 2128 1054 2186 peneto

219 2197 329 2261 nostros,
341 2195 386 2264 qui
397 2198 482 2249 essent
493 2194 578 2249 Italici
589 2192 732 2264 philosophi
744 2192 870 2264 quondam
881 2194 1012 2261 nominati,

219 2287 357 2341 numquam
369 2269 506 2334 dubitasse,
520 2270 581 2341 quin
588 2288 619 2324 ex
628 2269 746 2323 universa
757 2274 842 2324 mente
854 2269 939 2324 divina
951 2269 1012 2324 deli·

218 2348 293 2403 batos
305 2346 402 2401 animos
418 2347 575 2402 haberemus.
611 2347 860 2402 Demonstrabantur
875 2347 937 2402 mihi
949 2347 1012 2418 pra·

219 2428 297 2491 terea,
310 2442 366 2493 quae
381 2423 498 2478 Socrates
514 2441 631 2494 supremo
643 2423 703 2478 ritae
719 2423 760 2478 die
776 2423 808 2478 de
822 2423 1012 2478 immortalitate

219 2499 361 2553 animorum
373 2497 541 2564 disseruisset,
554 2499 584 2564 is,
597 2498 639 2569 qui
653 2502 720 2554 esset
733 2499 845 2553 omnium
858 2499 1012 2569 sapientissi-

219 2593 276 2629 mus
289 2574 390 2628 oraculo
402 2574 533 2645 Apollinis,
543 2574 680 2646 judicatus.
698 2574 766 2640 Quid
777 2574 878 2629 multa?
896 2574 938 2628 Sic
949 2575 1012 2628 mihi

219 2649 342 2722 persuasi,
354 2649 391 2705 sic
403 2651 493 2716 sentio,
508 2670 585 2722 quum
597 2654 671 2705 tanta
688 2650 803 2704 celeritas
816 2649 955 2703 animorum
968 2650 1010 2715 sit,

220 2730 294 2781 tanta
311 2727 433 2781 memoria
453 2728 638 2797 preteritorum
658 2726 853 2796 futurorumque
869 2724 1011 2795 prudentia,

220 2806 261 2857 tot
279 2805 355 2867 artes,
368 2805 447 2857 tantae
465 2803 583 2866 scientiae,
596 2806 636 2855 tot
654 2798 772 2867 inventa3
795 2819 847 2854 non
864 2817 938 2870 posse
955 2818 1011 2854 eam

220 2883 345 2947 naturam,
359 2897 414 2949 quae
427 2896 467 2934 res
479 2896 521 2933 eas
537 2877 674 2944 contineat,
687 2894 743 2933 esse
754 2876 902 2931 mortalem:
921 2893 1012 2946 quum-
