2575 3367
258 317 289 360 24
540 309 631 358 CATO
651 308 772 358 MAJOR

257 421 392 474 saturitate
409 419 532 490 copiaque
548 417 660 473 omnium
677 436 842 489 rerumque
859 418 894 473 ad
907 419 1001 474 vietum
1015 418 1052 472 he

258 497 362 556 rniuum,
375 495 406 549 ad
419 495 515 550 cultum
529 495 605 549 etiam
618 494 723 549 deorum
736 495 876 565 pertinent,
890 499 928 560 nt,
942 495 1051 564 quoniam

261 573 313 625 hae
331 571 431 642 quidam
450 570 603 633 desiderant,
615 571 641 624 in
659 570 766 640 gratiam
775 572 833 640 jam
851 588 914 625 eum
931 571 1053 641 voluptate

260 647 398 701 redeamus.
434 647 538 717 Semper
550 646 616 700 enim
628 644 689 700 honi
700 645 847 718 assiduique
859 645 958 700 domini
969 646 1054 700 referta

260 724 322 777 ‹rr-lla
342 723 444 790 vinaria,
466 722 566 787 olearia,
585 721 662 776 etiam
685 721 787 791 penaria
805 727 854 786 est,
874 721 986 792 villaque
1005 726 1053 775 uu

262 801 372 869 iuerrptes
390 804 444 863 est;
470 797 582 853 abundat
599 815 683 868 poree,
701 796 781 865 hasdo,
797 815 874 868 agno,
894 798 997 869 gallina,
1012 798 1055 851 lae

262 882 389 939 terasso,
404 874 484 928 melle.
521 876 580 928 Jam
600 873 702 928 hortum
720 872 769 942 ipsi
787 873 908 943 agricola
926 873 1055 929 succidiam

262 951 365 1003 altorum
388 950 523 1020 appellant.
561 948 711 1003 conditiora
728 948 789 1004 facit
808 949 864 1004 haec
883 948 1056 1019 supervacanei

223 1041 252 1086 ,57
264 1027 339 1080 etium
362 1027 445 1096 operis
465 1025 599 1095 aucupium
621 1029 698 1096 atque
715 1024 825 1079 venatio.
864 1025 938 1085 Quid
959 1025 992 1080 de
1010 1043 1056 1096 pra·

263 1108 347 1156 torum
366 1101 494 1155 viriditate
512 1106 557 1154 aut
575 1101 694 1155 arborum
711 1100 843 1155 ordinibus
864 1105 912 1155 aut
931 1102 1056 1157 vinearum

264 1179 464 1248 olivetorumque
480 1177 563 1248 speeie
582 1176 684 1231 deam?
714 1177 791 1231 Brevi
809 1176 956 1246 praecidam.
992 1179 1055 1248 Agru

264 1255 327 1309 bene
340 1254 408 1308 culto
420 1252 483 1308 nihil
498 1255 584 1323 potest
600 1270 656 1306 esse
672 1269 719 1307 nec
735 1270 784 1306 usu
797 1251 903 1307 uberius
915 1270 966 1307 nee
978 1253 1054 1324 speeie

264 1332 393 1396 orrrntius;
412 1329 442 1383 ad
458 1347 532 1399 quern
551 1327 685 1382 fruendum
703 1346 754 1381 non
772 1327 848 1382 modo
867 1347 921 1383 non
939 1328 1057 1390 retardat,

264 1427 351 1461 verum
364 1407 440 1461 etiam
453 1405 545 1459 invitat
558 1407 633 1474 atque
646 1404 747 1458 allectat
760 1407 890 1458 senectus.
929 1404 982 1459 Ubi
994 1405 1054 1460 euim

265 1488 350 1551 potest
363 1482 404 1535 illa
416 1486 477 1535 aetas
494 1484 539 1533 aut
554 1480 677 1535 calescere
690 1480 729 1535 rel
745 1480 902 1551 apricatione
917 1480 1010 1534 melius
1021 1479 1055 1534 rel

266 1557 326 1625 igni,
340 1563 384 1609 aut
397 1556 507 1609 vicissim
524 1555 619 1610 umbris
637 1556 741 1627 aquisve
753 1555 900 1626 refrigerari
917 1555 1057 1611 salubrius?

267 1707 370 1770 clavam,
390 1711 416 1761 et
435 1706 516 1776 pilam,
536 1707 583 1761 sibi
601 1707 744 1762 natationes
763 1712 840 1778 atque
857 1725 967 1764 cursus:
992 1707 1057 1763 nobis

268 1783 370 1838 senibus
379 1801 411 1836 ex
420 1782 559 1836 lusionibus
569 1783 656 1837 multis
666 1782 731 1837 talos
741 1783 885 1853 relinquant
898 1788 926 1839 et
938 1788 1057 1839 tesseras:

268 1861 293 1915 id
310 1863 393 1932 ipsum
411 1865 498 1913 utrum
515 1858 628 1926 lubebit;
648 1861 766 1931 quoniam
784 1860 839 1915 sine
857 1861 898 1915 his
917 1861 996 1917 beata
1009 1878 1057 1916 esse

269 1942 386 1992 senectus
399 1939 492 2006 potest.

231 2025 260 2068 ,39
305 2013 394 2067 XVII.
416 2012 514 2065 Multas
538 2009 570 2064 ad
593 2029 634 2065 res
659 2010 779 2079 perutiles
803 2011 986 2081 Xenophontis
1008 2010 1059 2066 libri

270 2094 345 2142 suut:
365 2107 428 2159 qnos
445 2088 530 2157 legite,
549 2105 641 2156 quaeso,
660 2086 780 2150 studiose,
800 2090 830 2140 ut
849 2087 944 2142 facitis.
982 2091 1058 2150 Quam

270 2165 370 2231 copiose
385 2163 416 2217 ab
435 2182 465 2216 eo
480 2162 635 2233 agricultura
653 2162 771 2217 laudatur
785 2162 811 2216 in
829 2179 860 2217 eo
878 2162 953 2229 libro,
966 2164 1009 2235 qui
1024 2165 1060 2217 sat

270 2238 301 2290 de
322 2239 417 2291 tuenda
436 2257 463 2292 re
486 2238 609 2303 familiari,
632 2239 675 2309 qni
697 2238 875 2292 OEconomicus
899 2238 1059 2294 inscribitur!

270 2316 356 2380 Atque
373 2319 403 2365 nt
421 2313 575 2382 intelligatis,
590 2314 652 2367 nihil
672 2315 695 2368 ei
716 2318 767 2367 tarn
787 2313 870 2383 regale
887 2313 978 2380 rideri,
992 2332 1059 2387 qnam

271 2386 384 2441 studium
397 2388 450 2456 agri
463 2387 568 2452 colendi,
583 2390 699 2444 Socrates
716 2390 743 2443 in
758 2407 788 2443 eo
804 2389 868 2442 libro
880 2388 998 2459 loquitur
1009 2407 1060 2445 cnm

273 2463 408 2528 Critobulo,
418 2464 508 2533 Cyrum
521 2465 649 2532 minorem,
658 2484 741 2536 regem
753 2465 888 2519 Persarum
901 2471 1059 2534 praestantem

272 2541 373 2610 ingenio
391 2544 467 2609 atque
485 2539 584 2609 imperii
602 2541 688 2610 gloria,
707 2560 785 2610 quum
801 2541 931 2610 Lysander
950 2541 1060 2597 Laeede

273 2618 380 2681 monins,
399 2617 437 2671 rir
458 2635 561 2670 snmmoe
583 2616 694 2684 virtutis,
713 2617 824 2670 venisset
845 2615 877 2669 ad
898 2634 957 2670 eum
981 2617 1060 2672 Sardis

273 2694 345 2762 eique
358 2693 423 2746 dona
435 2711 450 2746 a
462 2693 535 2746 sociis
549 2691 685 2756 attulisset,
699 2696 725 2746 et
737 2692 827 2746 ceteris
840 2691 866 2744 in
878 2691 956 2746 rebus
970 2711 1059 2749 comem

272 2787 334 2837 erga
346 2767 502 2839 Lysandrum
514 2773 590 2837 atque
606 2767 744 2821 humanum
757 2768 842 2830 fnisse,
856 2772 882 2821 et
895 2768 919 2821 ei
932 2769 1060 2838 quemdam

273 2851 422 2912 conseptum
432 2862 519 2914 agrum
530 2842 664 2912 diligenter
673 2845 798 2897 consitum
807 2842 957 2898 ostendisse.
982 2848 1060 2911 Quum

274 2923 358 2972 autern
377 2919 543 2973 admiraretur
561 2918 692 2988 Lysander
710 2925 736 2973 et
754 2918 919 2985 proceritatcs
938 2920 1061 2984 arborum,
