<?xml version="1.0" encoding="UTF-8"?>
<!DOCTYPE html PUBLIC "-//W3C//DTD XHTML 1.0 Transitional//EN"
    "http://www.w3.org/TR/xhtml1/DTD/xhtml1-transitional.dtd">
<html xmlns="http://www.w3.org/1999/xhtml" xml:lang="en" lang="en">
 <head>
  <title>
</title>
<meta http-equiv="Content-Type" content="text/html;charset=utf-8" />
  <meta name='ocr-system' content='tesseract 3.04.00' />
  <meta name='ocr-capabilities' content='ocr_page ocr_carea ocr_par ocr_line ocrx_word'/>
</head>
<body>
  <div class='ocr_page' id='page_1' title='image "./mtulliuscicerod00cicegoog_0097.png"; bbox 0 0 2575 3367; ppageno 0'>
   <div class='ocr_carea' id='block_1_1' title="bbox 326 314 888 372">
    <p class='ocr_par' dir='ltr' id='par_1_1' title="bbox 326 314 888 372">
     <span class='ocr_line' id='line_1_1' title="bbox 326 314 888 372; baseline 0 -10"><span class='ocrx_word' id='word_1_1' title='bbox 326 314 393 363; x_wconf 86' lang='lat' dir='ltr'>LlB.</span> <span class='ocrx_word' id='word_1_2' title='bbox 413 314 447 364; x_wconf 90' lang='lat'><strong>11.</strong></span> <span class='ocrx_word' id='word_1_3' title='bbox 467 314 541 363; x_wconf 80' lang='lat' dir='ltr'>CAP.</span> <span class='ocrx_word' id='word_1_4' title='bbox 560 316 598 372; x_wconf 83' lang='lat'><strong>20,</strong></span> <span class='ocrx_word' id='word_1_5' title='bbox 617 315 655 362; x_wconf 81' lang='lat'><strong>21.</strong></span> <span class='ocrx_word' id='word_1_6' title='bbox 856 315 888 362; x_wconf 79' lang='grc'><strong>89</strong></span> 
     </span>
    </p>
   </div>
   <div class='ocr_carea' id='block_1_2' title="bbox 198 425 925 2943">
    <p class='ocr_par' dir='ltr' id='par_1_2' title="bbox 198 425 925 2100">
     <span class='ocr_line' id='line_1_2' title="bbox 198 425 888 496; baseline -0.001 -16"><span class='ocrx_word' id='word_1_7' title='bbox 198 425 288 496; x_wconf 69' lang='lat' dir='ltr'><strong>gratia:</strong></span> <span class='ocrx_word' id='word_1_8' title='bbox 306 426 346 480; x_wconf 83' lang='lat' dir='ltr'><strong>sin</strong></span> <span class='ocrx_word' id='word_1_9' title='bbox 359 428 444 480; x_wconf 86' lang='lat' dir='ltr'><strong>autem</strong></span> <span class='ocrx_word' id='word_1_10' title='bbox 456 426 564 495; x_wconf 86' lang='lat' dir='ltr'>inopem,</span> <span class='ocrx_word' id='word_1_11' title='bbox 578 425 685 496; x_wconf 88' lang='lat' dir='ltr'><strong>probum</strong></span> <span class='ocrx_word' id='word_1_12' title='bbox 697 427 785 480; x_wconf 89' lang='lat' dir='ltr'><strong>tamen</strong></span> <span class='ocrx_word' id='word_1_13' title='bbox 795 428 822 480; x_wconf 84' lang='lat' dir='ltr'><strong>et</strong></span> <span class='ocrx_word' id='word_1_14' title='bbox 834 443 888 479; x_wconf 89' lang='lat' dir='ltr'><strong>mo·</strong></span> 
     </span>
     <span class='ocr_line' id='line_1_3' title="bbox 198 502 888 572; baseline 0 -16"><span class='ocrx_word' id='word_1_15' title='bbox 198 544 202 566; x_wconf 88' lang='lat'><strong>,</strong></span> <span class='ocrx_word' id='word_1_16' title='bbox 222 520 309 556; x_wconf 85' lang='lat' dir='ltr'><strong>omnes</strong></span> <span class='ocrx_word' id='word_1_17' title='bbox 329 521 381 556; x_wconf 89' lang='lat' dir='ltr'><strong>nou</strong></span> <span class='ocrx_word' id='word_1_18' title='bbox 401 503 509 572; x_wconf 85' lang='lat' dir='ltr'><strong>improbi</strong></span> <span class='ocrx_word' id='word_1_19' title='bbox 527 502 641 567; x_wconf 83' lang='lat' dir='ltr'>humiles,</span> <span class='ocrx_word' id='word_1_20' title='bbox 666 504 734 572; x_wconf 78' lang='lat' dir='ltr'><strong>(qua</strong></span> <span class='ocrx_word' id='word_1_21' title='bbox 752 520 844 572; x_wconf 79' lang='lat' dir='ltr'><strong>magna</strong></span> <span class='ocrx_word' id='word_1_22' title='bbox 860 503 888 556; x_wconf 87' lang='lat' dir='ltr'><strong>in</strong></span> 
     </span>
     <span class='ocr_line' id='line_1_4' title="bbox 202 578 887 650; baseline 0 -18"><span class='ocrx_word' id='word_1_23' title='bbox 202 578 339 633; x_wconf 88' lang='lat' dir='ltr'><strong>multitudo</strong></span> <span class='ocrx_word' id='word_1_24' title='bbox 357 582 415 644; x_wconf 71' lang='lat' dir='ltr'><strong>est)</strong></span> <span class='ocrx_word' id='word_1_25' title='bbox 435 579 576 648; x_wconf 72' lang='lat' dir='ltr'><strong>presidium</strong></span> <span class='ocrx_word' id='word_1_26' title='bbox 596 579 644 634; x_wconf 90' lang='lat' dir='ltr'><strong>sibi</strong></span> <span class='ocrx_word' id='word_1_27' title='bbox 662 585 778 650; x_wconf 85' lang='lat' dir='ltr'><strong>paratum</strong></span> <span class='ocrx_word' id='word_1_28' title='bbox 790 579 887 633; x_wconf 86' lang='lat' dir='ltr'><strong>vident.</strong></span> 
     </span>
     <span class='ocr_line' id='line_1_5' title="bbox 198 654 886 726; baseline -0.003 -16"><span class='ocrx_word' id='word_1_29' title='bbox 198 673 262 710; x_wconf 84' lang='lat' dir='ltr'><strong>orem</strong></span> <span class='ocrx_word' id='word_1_30' title='bbox 275 655 365 709; x_wconf 86' lang='lat' dir='ltr'><strong>melius</strong></span> <span class='ocrx_word' id='word_1_31' title='bbox 382 655 449 725; x_wconf 90' lang='lat' dir='ltr'><strong>apud</strong></span> <span class='ocrx_word' id='word_1_32' title='bbox 461 655 548 720; x_wconf 91' lang='lat' dir='ltr'><strong>bonos,</strong></span> <span class='ocrx_word' id='word_1_33' title='bbox 562 674 636 726; x_wconf 90' lang='lat' dir='ltr'><strong>quam</strong></span> <span class='ocrx_word' id='word_1_34' title='bbox 655 657 722 725; x_wconf 88' lang='lat' dir='ltr'><strong>apud</strong></span> <span class='ocrx_word' id='word_1_35' title='bbox 734 654 886 719; x_wconf 81' lang='lat' dir='ltr'><strong>fortunatos,</strong></span> 
     </span>
     <span class='ocr_line' id='line_1_6' title="bbox 198 731 925 802; baseline -0.003 -16"><span class='ocrx_word' id='word_1_36' title='bbox 198 750 240 786; x_wconf 90' lang='lat' dir='ltr'><strong>um</strong></span> <span class='ocrx_word' id='word_1_37' title='bbox 253 731 369 786; x_wconf 85' lang='lat' dir='ltr'><strong>collocari</strong></span> <span class='ocrx_word' id='word_1_38' title='bbox 381 737 451 801; x_wconf 88' lang='lat' dir='ltr'><strong>puto.</strong></span> <span class='ocrx_word' id='word_1_39' title='bbox 487 732 579 787; x_wconf 90' lang='lat' dir='ltr'><strong>Danda</strong></span> <span class='ocrx_word' id='word_1_40' title='bbox 594 732 696 786; x_wconf 91' lang='lat' dir='ltr'><strong>omnino</strong></span> <span class='ocrx_word' id='word_1_41' title='bbox 708 735 844 802; x_wconf 72' lang='lat' dir='ltr'><strong>operaest,</strong></span> <span class='ocrx_word' id='word_1_42' title='bbox 856 739 886 786; x_wconf 91' lang='lat' dir='ltr'><strong>ut</strong></span> <span class='ocrx_word' id='word_1_43' title='bbox 897 738 925 784; x_wconf 83' lang='grc'><strong>71</strong></span> 
     </span>
     <span class='ocr_line' id='line_1_7' title="bbox 198 807 886 879; baseline -0.001 -17"><span class='ocrx_word' id='word_1_44' title='bbox 198 807 261 862; x_wconf 79' lang='lat' dir='ltr'><strong>meri</strong></span> <span class='ocrx_word' id='word_1_45' title='bbox 272 808 418 862; x_wconf 81' lang='lat' dir='ltr'><strong>satisfacere</strong></span> <span class='ocrx_word' id='word_1_46' title='bbox 429 809 555 879; x_wconf 89' lang='lat' dir='ltr'><strong>possimus</strong></span> <span class='ocrx_word' id='word_1_47' title='bbox 567 828 573 872; x_wconf 90' lang='lat'>;</span> <span class='ocrx_word' id='word_1_48' title='bbox 594 808 639 863; x_wconf 87' lang='lat' dir='ltr'><strong>aed</strong></span> <span class='ocrx_word' id='word_1_49' title='bbox 656 809 679 863; x_wconf 88' lang='lat' dir='ltr'><strong>ei</strong></span> <span class='ocrx_word' id='word_1_50' title='bbox 691 827 731 863; x_wconf 88' lang='lat' dir='ltr'><strong>res</strong></span> <span class='ocrx_word' id='word_1_51' title='bbox 744 808 770 862; x_wconf 92' lang='lat' dir='ltr'><strong>in</strong></span> <span class='ocrx_word' id='word_1_52' title='bbox 782 812 886 863; x_wconf 85' lang='lat' dir='ltr'><strong>eonten-</strong></span> 
     </span>
     <span class='ocr_line' id='line_1_8' title="bbox 206 884 886 949; baseline 0 -11"><span class='ocrx_word' id='word_1_53' title='bbox 206 884 297 949; x_wconf 87' lang='lat' dir='ltr'><strong>veniet,</strong></span> <span class='ocrx_word' id='word_1_54' title='bbox 317 884 435 939; x_wconf 90' lang='lat' dir='ltr'><strong>nimirum</strong></span> <span class='ocrx_word' id='word_1_55' title='bbox 451 885 635 940; x_wconf 86' lang='lat' dir='ltr'><strong>Themistocles</strong></span> <span class='ocrx_word' id='word_1_56' title='bbox 651 890 691 939; x_wconf 89' lang='lat' dir='ltr'><strong>est</strong></span> <span class='ocrx_word' id='word_1_57' title='bbox 709 891 799 939; x_wconf 81' lang='lat' dir='ltr'><strong>auctor</strong></span> <span class='ocrx_word' id='word_1_58' title='bbox 816 884 886 939; x_wconf 87' lang='lat' dir='ltr'><strong>adhi-</strong></span> 
     </span>
     <span class='ocr_line' id='line_1_9' title="bbox 198 961 886 1032; baseline 0.001 -18"><span class='ocrx_word' id='word_1_59' title='bbox 198 983 204 1027; x_wconf 89' lang='lat'>;</span> <span class='ocrx_word' id='word_1_60' title='bbox 223 961 357 1031; x_wconf 82' lang='lat' dir='ltr'><strong>quiquam</strong></span> <span class='ocrx_word' id='word_1_61' title='bbox 374 961 558 1026; x_wconf 76' lang='lat' dir='ltr'><strong>consuleretur,</strong></span> <span class='ocrx_word' id='word_1_62' title='bbox 572 966 660 1015; x_wconf 90' lang='lat' dir='ltr'><strong>utrum</strong></span> <span class='ocrx_word' id='word_1_63' title='bbox 675 961 742 1016; x_wconf 89' lang='lat' dir='ltr'><strong>bono</strong></span> <span class='ocrx_word' id='word_1_64' title='bbox 758 963 812 1015; x_wconf 86' lang='lat' dir='ltr'><strong>viro</strong></span> <span class='ocrx_word' id='word_1_65' title='bbox 825 980 886 1032; x_wconf 91' lang='lat' dir='ltr'><strong>pau·</strong></span> 
     </span>
     <span class='ocr_line' id='line_1_10' title="bbox 207 1037 885 1109; baseline 0 -18"><span class='ocrx_word' id='word_1_66' title='bbox 207 1038 291 1091; x_wconf 83' lang='lat' dir='ltr'><strong>minus</strong></span> <span class='ocrx_word' id='word_1_67' title='bbox 303 1037 409 1107; x_wconf 87' lang='lat' dir='ltr'><strong>probato</strong></span> <span class='ocrx_word' id='word_1_68' title='bbox 422 1038 495 1092; x_wconf 84' lang='lat' dir='ltr'><strong>diviti</strong></span> <span class='ocrx_word' id='word_1_69' title='bbox 504 1039 579 1092; x_wconf 86' lang='lat' dir='ltr'><strong>filiam</strong></span> <span class='ocrx_word' id='word_1_70' title='bbox 589 1037 739 1092; x_wconf 77' lang='lat' dir='ltr'>collocaret:</span> <span class='ocrx_word' id='word_1_71' title='bbox 759 1041 811 1109; x_wconf 75' lang='lat' dir='ltr'><strong>Epo</strong></span> <span class='ocrx_word' id='word_1_72' title='bbox 820 1056 885 1101; x_wconf 82' lang='lat' dir='ltr'><strong>cero,</strong></span> 
     </span>
     <span class='ocr_line' id='line_1_11' title="bbox 198 1115 886 1185; baseline 0 -19"><span class='ocrx_word' id='word_1_73' title='bbox 198 1115 263 1167; x_wconf 75' lang='lat' dir='ltr'><strong>med)</strong></span> <span class='ocrx_word' id='word_1_74' title='bbox 276 1115 373 1180; x_wconf 78' lang='lat' dir='ltr'><strong>cirum,</strong></span> <span class='ocrx_word' id='word_1_75' title='bbox 383 1115 431 1184; x_wconf 80' lang='lat' dir='ltr'><strong>qui</strong></span> <span class='ocrx_word' id='word_1_76' title='bbox 440 1117 554 1185; x_wconf 80' lang='lat' dir='ltr'><strong>pecunia</strong></span> <span class='ocrx_word' id='word_1_77' title='bbox 566 1125 642 1185; x_wconf 72' lang='lat' dir='ltr'><strong>eqeat,</strong></span> <span class='ocrx_word' id='word_1_78' title='bbox 651 1133 730 1185; x_wconf 79' lang='lat' dir='ltr'><strong>quam</strong></span> <span class='ocrx_word' id='word_1_79' title='bbox 738 1116 886 1184; x_wconf 77' lang='lat' dir='ltr'><strong>pecuniam,</strong></span> 
     </span>
     <span class='ocr_line' id='line_1_12' title="bbox 198 1189 886 1261; baseline 0.001 -18"><span class='ocrx_word' id='word_1_80' title='bbox 198 1208 230 1244; x_wconf 78' lang='lat' dir='ltr'><strong>ro.</strong></span> <span class='ocrx_word' id='word_1_81' title='bbox 266 1189 315 1244; x_wconf 85' lang='lat' dir='ltr'><strong>Sed</strong></span> <span class='ocrx_word' id='word_1_82' title='bbox 334 1191 448 1260; x_wconf 82' lang='lat' dir='ltr'>corrupti</span> <span class='ocrx_word' id='word_1_83' title='bbox 465 1209 548 1246; x_wconf 87' lang='lat' dir='ltr'><strong>mores</strong></span> <span class='ocrx_word' id='word_1_84' title='bbox 566 1191 747 1261; x_wconf 78' lang='lat' dir='ltr'><strong>depravatique</strong></span> <span class='ocrx_word' id='word_1_85' title='bbox 765 1194 826 1244; x_wconf 86' lang='lat' dir='ltr'><strong>snut</strong></span> <span class='ocrx_word' id='word_1_86' title='bbox 844 1190 886 1244; x_wconf 89' lang='lat' dir='ltr'><strong>ad·</strong></span> 
     </span>
     <span class='ocr_line' id='line_1_13' title="bbox 198 1265 885 1338; baseline 0 -18"><span class='ocrx_word' id='word_1_87' title='bbox 198 1285 223 1320; x_wconf 81' lang='lat' dir='ltr'><strong>ue</strong></span> <span class='ocrx_word' id='word_1_88' title='bbox 236 1265 396 1332; x_wconf 82' lang='lat' dir='ltr'><strong>divitiarum3</strong></span> <span class='ocrx_word' id='word_1_89' title='bbox 415 1286 522 1335; x_wconf 81' lang='lat' dir='ltr'><strong>quamm</strong></span> <span class='ocrx_word' id='word_1_90' title='bbox 534 1267 683 1338; x_wconf 80' lang='lat' dir='ltr'><strong>magnitudo</strong></span> <span class='ocrx_word' id='word_1_91' title='bbox 696 1266 795 1336; x_wconf 86' lang='lat' dir='ltr'><strong>quidod</strong></span> <span class='ocrx_word' id='word_1_92' title='bbox 807 1284 885 1320; x_wconf 89' lang='lat' dir='ltr'><strong>unum</strong></span> 
     </span>
     <span class='ocr_line' id='line_1_14' title="bbox 198 1342 884 1412; baseline -0.001 -16"><span class='ocrx_word' id='word_1_93' title='bbox 198 1361 216 1396; x_wconf 86' lang='lat' dir='ltr'><strong>.e</strong></span> <span class='ocrx_word' id='word_1_94' title='bbox 238 1343 355 1396; x_wconf 81' lang='lat' dir='ltr'><strong>nostrdm</strong></span> <span class='ocrx_word' id='word_1_95' title='bbox 376 1344 507 1412; x_wconf 76' lang='lat' dir='ltr'><strong>pertinet?</strong></span> <span class='ocrx_word' id='word_1_96' title='bbox 544 1343 620 1397; x_wconf 90' lang='lat' dir='ltr'><strong>Illum</strong></span> <span class='ocrx_word' id='word_1_97' title='bbox 641 1343 749 1397; x_wconf 82' lang='lat' dir='ltr'><strong>sortasse</strong></span> <span class='ocrx_word' id='word_1_98' title='bbox 773 1342 884 1411; x_wconf 81' lang='lat' dir='ltr'><strong>adjuvat,</strong></span> 
     </span>
     <span class='ocr_line' id='line_1_15' title="bbox 198 1418 882 1489; baseline 0.001 -17"><span class='ocrx_word' id='word_1_99' title='bbox 198 1424 246 1473; x_wconf 69' lang='lat' dir='ltr'><strong>tet:</strong></span> <span class='ocrx_word' id='word_1_100' title='bbox 271 1437 304 1473; x_wconf 88' lang='lat' dir='ltr'><strong>ne</strong></span> <span class='ocrx_word' id='word_1_101' title='bbox 326 1418 352 1472; x_wconf 93' lang='lat' dir='ltr'><strong>id</strong></span> <span class='ocrx_word' id='word_1_102' title='bbox 373 1419 474 1489; x_wconf 90' lang='lat' dir='ltr'><strong>quidem</strong></span> <span class='ocrx_word' id='word_1_103' title='bbox 494 1437 601 1489; x_wconf 69' lang='lat' dir='ltr'><strong>semper.</strong></span> <span class='ocrx_word' id='word_1_104' title='bbox 646 1418 697 1472; x_wconf 74' lang='lat' dir='ltr'><strong>Sel</strong></span> <span class='ocrx_word' id='word_1_105' title='bbox 719 1421 760 1472; x_wconf 79' lang='lat' dir='ltr'><strong>fac</strong></span> <span class='ocrx_word' id='word_1_106' title='bbox 776 1422 882 1488; x_wconf 79' lang='lat' dir='ltr'><strong>juvare:</strong></span> 
     </span>
     <span class='ocr_line' id='line_1_16' title="bbox 198 1495 884 1567; baseline 0.001 -19"><span class='ocrx_word' id='word_1_107' title='bbox 198 1514 203 1528; x_wconf 91' lang='lat'><strong>·</strong></span> <span class='ocrx_word' id='word_1_108' title='bbox 222 1513 281 1549; x_wconf 87' lang='lat' dir='ltr'><strong>sane</strong></span> <span class='ocrx_word' id='word_1_109' title='bbox 299 1495 350 1561; x_wconf 83' lang='lat' dir='ltr'><strong>sit3</strong></span> <span class='ocrx_word' id='word_1_110' title='bbox 369 1495 499 1550; x_wconf 90' lang='lat' dir='ltr'><strong>honestior</strong></span> <span class='ocrx_word' id='word_1_111' title='bbox 517 1515 577 1551; x_wconf 85' lang='lat' dir='ltr'><strong>vero</strong></span> <span class='ocrx_word' id='word_1_112' title='bbox 594 1495 740 1567; x_wconf 76' lang='lat' dir='ltr'><strong>quomodo?</strong></span> <span class='ocrx_word' id='word_1_113' title='bbox 764 1495 845 1560; x_wconf 30' lang='lat' dir='ltr'><strong>,Quod</strong></span> <span class='ocrx_word' id='word_1_114' title='bbox 861 1497 884 1549; x_wconf 89' lang='lat' dir='ltr'><strong>si</strong></span> 
     </span>
     <span class='ocr_line' id='line_1_17' title="bbox 198 1571 882 1642; baseline 0.001 -16"><span class='ocrx_word' id='word_1_115' title='bbox 198 1589 259 1626; x_wconf 85' lang='lat' dir='ltr'><strong>unus</strong></span> <span class='ocrx_word' id='word_1_116' title='bbox 277 1571 326 1625; x_wconf 88' lang='lat' dir='ltr'><strong>erit</strong></span> <span class='ocrx_word' id='word_1_117' title='bbox 345 1571 389 1636; x_wconf 86' lang='lat' dir='ltr'><strong>vir,</strong></span> <span class='ocrx_word' id='word_1_118' title='bbox 403 1590 435 1625; x_wconf 91' lang='lat' dir='ltr'><strong>ne</strong></span> <span class='ocrx_word' id='word_1_119' title='bbox 453 1573 591 1642; x_wconf 88' lang='lat' dir='ltr'><strong>impediant</strong></span> <span class='ocrx_word' id='word_1_120' title='bbox 611 1573 715 1634; x_wconf 76' lang='lat' dir='ltr'><strong>divitiae,</strong></span> <span class='ocrx_word' id='word_1_121' title='bbox 731 1590 781 1641; x_wconf 89' lang='lat' dir='ltr'><strong>quo</strong></span> <span class='ocrx_word' id='word_1_122' title='bbox 799 1574 882 1627; x_wconf 86' lang='lat' dir='ltr'><strong>minus</strong></span> 
     </span>
     <span class='ocr_line' id='line_1_18' title="bbox 210 1647 883 1720; baseline 0.004 -19"><span class='ocrx_word' id='word_1_123' title='bbox 210 1647 286 1701; x_wconf 94' lang='lat' dir='ltr'><strong>modo</strong></span> <span class='ocrx_word' id='word_1_124' title='bbox 297 1667 329 1702; x_wconf 91' lang='lat' dir='ltr'><strong>ne</strong></span> <span class='ocrx_word' id='word_1_125' title='bbox 345 1648 482 1717; x_wconf 86' lang='lat' dir='ltr'><strong>adjuvent:</strong></span> <span class='ocrx_word' id='word_1_126' title='bbox 501 1649 584 1720; x_wconf 84' lang='lat' dir='ltr'><strong>aitque</strong></span> <span class='ocrx_word' id='word_1_127' title='bbox 596 1667 671 1703; x_wconf 89' lang='lat' dir='ltr'><strong>omne</strong></span> <span class='ocrx_word' id='word_1_128' title='bbox 684 1648 814 1718; x_wconf 87' lang='lat' dir='ltr'><strong>judicium,</strong></span> <span class='ocrx_word' id='word_1_129' title='bbox 832 1669 883 1704; x_wconf 90' lang='lat' dir='ltr'><strong>uon</strong></span> 
     </span>
     <span class='ocr_line' id='line_1_19' title="bbox 198 1723 882 1796; baseline 0.001 -18"><span class='ocrx_word' id='word_1_130' title='bbox 198 1723 295 1793; x_wconf 81' lang='lat' dir='ltr'><strong>euples,</strong></span> <span class='ocrx_word' id='word_1_131' title='bbox 306 1723 350 1778; x_wconf 83' lang='lat' dir='ltr'><strong>sed</strong></span> <span class='ocrx_word' id='word_1_132' title='bbox 360 1725 440 1793; x_wconf 83' lang='lat' dir='ltr'><strong>qualis</strong></span> <span class='ocrx_word' id='word_1_133' title='bbox 451 1725 558 1796; x_wconf 89' lang='lat' dir='ltr'><strong>quisque</strong></span> <span class='ocrx_word' id='word_1_134' title='bbox 570 1725 612 1779; x_wconf 84' lang='lat' dir='ltr'><strong>sit.</strong></span> <span class='ocrx_word' id='word_1_135' title='bbox 638 1726 787 1780; x_wconf 77' lang='lat' dir='ltr'><strong>Extremum</strong></span> <span class='ocrx_word' id='word_1_136' title='bbox 798 1731 882 1779; x_wconf 87' lang='lat' dir='ltr'><strong>autem</strong></span> 
     </span>
     <span class='ocr_line' id='line_1_20' title="bbox 198 1800 883 1872; baseline 0.003 -19"><span class='ocrx_word' id='word_1_137' title='bbox 198 1818 240 1853; x_wconf 91' lang='lat' dir='ltr'><strong>um</strong></span> <span class='ocrx_word' id='word_1_138' title='bbox 262 1800 289 1854; x_wconf 91' lang='lat' dir='ltr'><strong>in</strong></span> <span class='ocrx_word' id='word_1_139' title='bbox 310 1800 436 1854; x_wconf 87' lang='lat' dir='ltr'><strong>benefieiis</strong></span> <span class='ocrx_word' id='word_1_140' title='bbox 457 1819 582 1871; x_wconf 86' lang='lat' dir='ltr'><strong>operaque</strong></span> <span class='ocrx_word' id='word_1_141' title='bbox 604 1801 687 1855; x_wconf 84' lang='lat' dir='ltr'><strong>danda</strong></span> <span class='ocrx_word' id='word_1_142' title='bbox 705 1805 752 1864; x_wconf 85' lang='lat' dir='ltr'><strong>est,</strong></span> <span class='ocrx_word' id='word_1_143' title='bbox 771 1819 803 1854; x_wconf 89' lang='lat' dir='ltr'><strong>nc</strong></span> <span class='ocrx_word' id='word_1_144' title='bbox 822 1802 883 1872; x_wconf 91' lang='lat' dir='ltr'><strong>quid</strong></span> 
     </span>
     <span class='ocr_line' id='line_1_21' title="bbox 198 1876 881 1948; baseline 0 -18"><span class='ocrx_word' id='word_1_145' title='bbox 198 1876 333 1947; x_wconf 87' lang='lat' dir='ltr'><strong>equitatem</strong></span> <span class='ocrx_word' id='word_1_146' title='bbox 345 1876 490 1942; x_wconf 82' lang='lat' dir='ltr'><strong>contendas,</strong></span> <span class='ocrx_word' id='word_1_147' title='bbox 504 1878 609 1948; x_wconf 90' lang='lat' dir='ltr'><strong>nequid</strong></span> <span class='ocrx_word' id='word_1_148' title='bbox 623 1897 667 1947; x_wconf 94' lang='lat' dir='ltr'><strong>pro</strong></span> <span class='ocrx_word' id='word_1_149' title='bbox 680 1877 779 1948; x_wconf 87' lang='lat' dir='ltr'><strong>injuria.</strong></span> <span class='ocrx_word' id='word_1_150' title='bbox 815 1877 881 1930; x_wconf 83' lang='lat' dir='ltr'><strong>Fun·</strong></span> 
     </span>
     <span class='ocr_line' id='line_1_22' title="bbox 198 1953 882 2023; baseline 0.004 -17"><span class='ocrx_word' id='word_1_151' title='bbox 198 1971 232 2007; x_wconf 88' lang='lat' dir='ltr'><strong>rm</strong></span> <span class='ocrx_word' id='word_1_152' title='bbox 245 1953 311 2006; x_wconf 89' lang='lat' dir='ltr'><strong>enirn</strong></span> <span class='ocrx_word' id='word_1_153' title='bbox 324 1958 452 2023; x_wconf 77' lang='lat' dir='ltr'><strong>perpetua</strong></span> <span class='ocrx_word' id='word_1_154' title='bbox 469 1954 693 2009; x_wconf 82' lang='lat' dir='ltr'><strong>commendationis</strong></span> <span class='ocrx_word' id='word_1_155' title='bbox 711 1959 738 2008; x_wconf 91' lang='lat' dir='ltr'><strong>et</strong></span> <span class='ocrx_word' id='word_1_156' title='bbox 757 1954 830 2008; x_wconf 78' lang='lat' dir='ltr'><strong>fama</strong></span> <span class='ocrx_word' id='word_1_157' title='bbox 842 1960 882 2008; x_wconf 90' lang='lat' dir='ltr'><strong>est</strong></span> 
     </span>
     <span class='ocr_line' id='line_1_23' title="bbox 205 2029 708 2100; baseline 0 -16"><span class='ocrx_word' id='word_1_158' title='bbox 205 2029 260 2084; x_wconf 85' lang='lat' dir='ltr'><strong>sine</strong></span> <span class='ocrx_word' id='word_1_159' title='bbox 273 2048 323 2100; x_wconf 88' lang='lat' dir='ltr'><strong>qua</strong></span> <span class='ocrx_word' id='word_1_160' title='bbox 334 2030 397 2084; x_wconf 88' lang='lat' dir='ltr'><strong>nihil</strong></span> <span class='ocrx_word' id='word_1_161' title='bbox 409 2034 494 2100; x_wconf 83' lang='lat' dir='ltr'><strong>potest</strong></span> <span class='ocrx_word' id='word_1_162' title='bbox 506 2049 562 2085; x_wconf 89' lang='lat' dir='ltr'><strong>esse</strong></span> <span class='ocrx_word' id='word_1_163' title='bbox 574 2030 708 2085; x_wconf 84' lang='lat' dir='ltr'><strong>laudabile.</strong></span> 
     </span>
    </p>

    <p class='ocr_par' dir='ltr' id='par_1_3' title="bbox 198 2105 922 2332">
     <span class='ocr_line' id='line_1_24' title="bbox 216 2105 922 2176; baseline 0.003 -16"><span class='ocrx_word' id='word_1_164' title='bbox 216 2105 268 2160; x_wconf 81' lang='lat' dir='ltr'><strong>Sed</strong></span> <span class='ocrx_word' id='word_1_165' title='bbox 280 2107 397 2176; x_wconf 85' lang='lat' dir='ltr'><strong>quoniam</strong></span> <span class='ocrx_word' id='word_1_166' title='bbox 410 2106 442 2161; x_wconf 89' lang='lat' dir='ltr'><strong>de</strong></span> <span class='ocrx_word' id='word_1_167' title='bbox 454 2125 484 2161; x_wconf 88' lang='lat' dir='ltr'><strong>eo</strong></span> <span class='ocrx_word' id='word_1_168' title='bbox 494 2126 586 2175; x_wconf 84' lang='lat' dir='ltr'><strong>genere</strong></span> <span class='ocrx_word' id='word_1_169' title='bbox 599 2107 775 2163; x_wconf 87' lang='lat' dir='ltr'><strong>beneficiorum</strong></span> <span class='ocrx_word' id='word_1_170' title='bbox 786 2109 880 2163; x_wconf 89' lang='lat' dir='ltr'><strong>dictum</strong></span> <span class='ocrx_word' id='word_1_171' title='bbox 892 2123 922 2171; x_wconf 80' lang='lat'><strong>72</strong></span> 
     </span>
     <span class='ocr_line' id='line_1_25' title="bbox 198 2181 883 2256; baseline 0.003 -19"><span class='ocrx_word' id='word_1_172' title='bbox 198 2181 249 2237; x_wconf 75' lang='lat' dir='ltr'><strong>red</strong></span> <span class='ocrx_word' id='word_1_173' title='bbox 259 2182 373 2252; x_wconf 84' lang='lat' dir='ltr'><strong>singulos</strong></span> <span class='ocrx_word' id='word_1_174' title='bbox 388 2188 519 2251; x_wconf 87' lang='lat' dir='ltr'><strong>spectant;</strong></span> <span class='ocrx_word' id='word_1_175' title='bbox 538 2183 657 2253; x_wconf 84' lang='lat' dir='ltr'><strong>deinceps</strong></span> <span class='ocrx_word' id='word_1_176' title='bbox 674 2183 705 2238; x_wconf 96' lang='lat' dir='ltr'><strong>de</strong></span> <span class='ocrx_word' id='word_1_177' title='bbox 720 2185 759 2250; x_wconf 89' lang='lat' dir='ltr'><strong>iis,</strong></span> <span class='ocrx_word' id='word_1_178' title='bbox 774 2204 830 2256; x_wconf 79' lang='lat' dir='ltr'><strong>paee</strong></span> <span class='ocrx_word' id='word_1_179' title='bbox 846 2186 883 2238; x_wconf 86' lang='lat' dir='ltr'><strong>ad</strong></span> 
     </span>
     <span class='ocr_line' id='line_1_26' title="bbox 198 2260 880 2332; baseline 0.006 -20"><span class='ocrx_word' id='word_1_180' title='bbox 198 2276 228 2322; x_wconf 79' lang='lat' dir='ltr'><strong>ea,</strong></span> <span class='ocrx_word' id='word_1_181' title='bbox 249 2277 355 2329; x_wconf 78' lang='lat' dir='ltr'><strong>qeaeque</strong></span> <span class='ocrx_word' id='word_1_182' title='bbox 374 2260 411 2313; x_wconf 82' lang='lat' dir='ltr'><strong>ad</strong></span> <span class='ocrx_word' id='word_1_183' title='bbox 430 2261 616 2330; x_wconf 79' lang='lat' dir='ltr'><strong>rempublicam</strong></span> <span class='ocrx_word' id='word_1_184' title='bbox 634 2263 773 2331; x_wconf 80' lang='lat' dir='ltr'><strong>pertinent,</strong></span> <span class='ocrx_word' id='word_1_185' title='bbox 796 2262 880 2332; x_wconf 87' lang='lat' dir='ltr'><strong>dispu-</strong></span> 
     </span>
    </p>

    <p class='ocr_par' dir='ltr' id='par_1_4' title="bbox 210 2335 882 2408">
     <span class='ocr_line' id='line_1_27' title="bbox 210 2335 882 2408; baseline 0.006 -20"><span class='ocrx_word' id='word_1_186' title='bbox 210 2340 259 2389; x_wconf 84' lang='lat' dir='ltr'><strong>est.</strong></span> <span class='ocrx_word' id='word_1_187' title='bbox 294 2335 390 2389; x_wconf 84' lang='lat' dir='ltr'><strong>Eorum</strong></span> <span class='ocrx_word' id='word_1_188' title='bbox 409 2341 495 2390; x_wconf 86' lang='lat' dir='ltr'><strong>autern</strong></span> <span class='ocrx_word' id='word_1_189' title='bbox 514 2337 626 2407; x_wconf 90' lang='lat' dir='ltr'><strong>ipsorum</strong></span> <span class='ocrx_word' id='word_1_190' title='bbox 647 2339 740 2407; x_wconf 87' lang='lat' dir='ltr'><strong>partim</strong></span> <span class='ocrx_word' id='word_1_191' title='bbox 759 2338 882 2408; x_wconf 89' lang='lat' dir='ltr'><strong>ejusmodi</strong></span> 
     </span>
    </p>

    <p class='ocr_par' dir='ltr' id='par_1_5' title="bbox 198 2411 882 2943">
     <span class='ocr_line' id='line_1_28' title="bbox 214 2411 882 2486; baseline 0.007 -21"><span class='ocrx_word' id='word_1_192' title='bbox 214 2411 246 2465; x_wconf 89' lang='lat' dir='ltr'><strong>ad</strong></span> <span class='ocrx_word' id='word_1_193' title='bbox 265 2412 396 2466; x_wconf 88' lang='lat' dir='ltr'><strong>universos</strong></span> <span class='ocrx_word' id='word_1_194' title='bbox 413 2414 480 2467; x_wconf 81' lang='lat' dir='ltr'><strong>cives</strong></span> <span class='ocrx_word' id='word_1_195' title='bbox 496 2415 645 2484; x_wconf 84' lang='lat' dir='ltr'><strong>pertineant,</strong></span> <span class='ocrx_word' id='word_1_196' title='bbox 660 2417 751 2485; x_wconf 88' lang='lat' dir='ltr'><strong>partim</strong></span> <span class='ocrx_word' id='word_1_197' title='bbox 768 2417 882 2486; x_wconf 85' lang='lat' dir='ltr'><strong>singulos</strong></span> 
     </span>
     <span class='ocr_line' id='line_1_29' title="bbox 198 2490 882 2561; baseline 0.009 -21"><span class='ocrx_word' id='word_1_198' title='bbox 198 2491 256 2558; x_wconf 66' lang='lat' dir='ltr'><strong>gant</strong></span> <span class='ocrx_word' id='word_1_199' title='bbox 268 2509 275 2552; x_wconf 88' lang='lat'>;</span> <span class='ocrx_word' id='word_1_200' title='bbox 293 2506 349 2558; x_wconf 89' lang='lat' dir='ltr'><strong>quae</strong></span> <span class='ocrx_word' id='word_1_201' title='bbox 360 2494 419 2542; x_wconf 83' lang='lat' dir='ltr'><strong>sunt</strong></span> <span class='ocrx_word' id='word_1_202' title='bbox 428 2490 504 2543; x_wconf 85' lang='lat' dir='ltr'><strong>etiam</strong></span> <span class='ocrx_word' id='word_1_203' title='bbox 514 2492 632 2560; x_wconf 85' lang='lat' dir='ltr'><strong>gratiora.</strong></span> <span class='ocrx_word' id='word_1_204' title='bbox 658 2492 747 2546; x_wconf 89' lang='lat' dir='ltr'><strong>Danda</strong></span> <span class='ocrx_word' id='word_1_205' title='bbox 756 2499 795 2546; x_wconf 87' lang='lat' dir='ltr'><strong>cst</strong></span> <span class='ocrx_word' id='word_1_206' title='bbox 805 2511 882 2561; x_wconf 86' lang='lat' dir='ltr'><strong>opera</strong></span> 
     </span>
     <span class='ocr_line' id='line_1_30' title="bbox 211 2564 881 2636; baseline 0.004 -19"><span class='ocrx_word' id='word_1_207' title='bbox 211 2564 234 2618; x_wconf 86' lang='lat' dir='ltr'><strong>ei</strong></span> <span class='ocrx_word' id='word_1_208' title='bbox 252 2565 342 2633; x_wconf 85' lang='lat' dir='ltr'><strong>possit,</strong></span> <span class='ocrx_word' id='word_1_209' title='bbox 361 2566 491 2636; x_wconf 79' lang='lat' dir='ltr'><strong>utrisque3</strong></span> <span class='ocrx_word' id='word_1_210' title='bbox 511 2585 557 2621; x_wconf 90' lang='lat' dir='ltr'><strong>nec</strong></span> <span class='ocrx_word' id='word_1_211' title='bbox 576 2567 668 2632; x_wconf 91' lang='lat' dir='ltr'><strong>minus,</strong></span> <span class='ocrx_word' id='word_1_212' title='bbox 688 2573 718 2622; x_wconf 87' lang='lat' dir='ltr'><strong>ut</strong></span> <span class='ocrx_word' id='word_1_213' title='bbox 735 2569 810 2622; x_wconf 86' lang='lat' dir='ltr'><strong>etiam</strong></span> <span class='ocrx_word' id='word_1_214' title='bbox 830 2569 881 2620; x_wconf 87' lang='lat' dir='ltr'><strong>sin·</strong></span> 
     </span>
     <span class='ocr_line' id='line_1_31' title="bbox 198 2641 881 2714; baseline 0.003 -20"><span class='ocrx_word' id='word_1_215' title='bbox 198 2641 326 2707; x_wconf 79' lang='lat' dir='ltr'><strong>ueulatur3</strong></span> <span class='ocrx_word' id='word_1_216' title='bbox 345 2643 390 2696; x_wconf 88' lang='lat' dir='ltr'><strong>sed</strong></span> <span class='ocrx_word' id='word_1_217' title='bbox 402 2644 446 2706; x_wconf 84' lang='lat' dir='ltr'><strong>ita,</strong></span> <span class='ocrx_word' id='word_1_218' title='bbox 460 2648 489 2696; x_wconf 88' lang='lat' dir='ltr'><strong>nt</strong></span> <span class='ocrx_word' id='word_1_219' title='bbox 502 2661 532 2696; x_wconf 82' lang='lat' dir='ltr'><strong>en</strong></span> <span class='ocrx_word' id='word_1_220' title='bbox 545 2663 585 2699; x_wconf 86' lang='lat' dir='ltr'><strong>res</strong></span> <span class='ocrx_word' id='word_1_221' title='bbox 597 2649 643 2698; x_wconf 84' lang='lat' dir='ltr'><strong>aut</strong></span> <span class='ocrx_word' id='word_1_222' title='bbox 657 2645 745 2714; x_wconf 86' lang='lat' dir='ltr'><strong>prosit,</strong></span> <span class='ocrx_word' id='word_1_223' title='bbox 755 2650 799 2697; x_wconf 84' lang='lat' dir='ltr'><strong>aut</strong></span> <span class='ocrx_word' id='word_1_224' title='bbox 812 2651 881 2697; x_wconf 83' lang='lat' dir='ltr'><strong>certe</strong></span> 
     </span>
     <span class='ocr_line' id='line_1_32' title="bbox 198 2718 882 2787; baseline 0 -16"><span class='ocrx_word' id='word_1_225' title='bbox 198 2755 199 2765; x_wconf 54' lang='lat'><strong>,</strong></span> <span class='ocrx_word' id='word_1_226' title='bbox 219 2718 371 2787; x_wconf 73' lang='lat' dir='ltr'><strong>reipublice.</strong></span> <span class='ocrx_word' id='word_1_227' title='bbox 392 2721 418 2773; x_wconf 84' lang='lat'><strong>0.</strong></span> <span class='ocrx_word' id='word_1_228' title='bbox 429 2721 536 2774; x_wconf 85' lang='lat' dir='ltr'><strong>Gracchi</strong></span> <span class='ocrx_word' id='word_1_229' title='bbox 550 2721 715 2774; x_wconf 85' lang='lat' dir='ltr'><strong>frumentaria</strong></span> <span class='ocrx_word' id='word_1_230' title='bbox 727 2739 818 2787; x_wconf 78' lang='lat' dir='ltr'><strong>magua</strong></span> <span class='ocrx_word' id='word_1_231' title='bbox 834 2720 882 2772; x_wconf 86' lang='lat' dir='ltr'><strong>lar-</strong></span> 
     </span>
     <span class='ocr_line' id='line_1_33' title="bbox 198 2794 880 2864; baseline 0 -16"><span class='ocrx_word' id='word_1_232' title='bbox 198 2794 347 2849; x_wconf 78' lang='lat' dir='ltr'><strong>rhauricbat</strong></span> <span class='ocrx_word' id='word_1_233' title='bbox 364 2796 443 2864; x_wconf 84' lang='lat' dir='ltr'><strong>igitur</strong></span> <span class='ocrx_word' id='word_1_234' title='bbox 456 2797 587 2851; x_wconf 85' lang='lat' dir='ltr'><strong>aerarium:</strong></span> <span class='ocrx_word' id='word_1_235' title='bbox 607 2796 706 2850; x_wconf 88' lang='lat' dir='ltr'><strong>modica</strong></span> <span class='ocrx_word' id='word_1_236' title='bbox 723 2797 880 2862; x_wconf 70' lang='lat' dir='ltr'><strong>proemii,</strong></span> 
     </span>
     <span class='ocr_line' id='line_1_34' title="bbox 198 2871 881 2943; baseline 0.003 -17"><span class='ocrx_word' id='word_1_237' title='bbox 198 2871 273 2928; x_wconf 25' lang='lat' dir='ltr'><strong>,blico</strong></span> <span class='ocrx_word' id='word_1_238' title='bbox 294 2871 433 2927; x_wconf 82' lang='lat' dir='ltr'><strong>tolerabilis</strong></span> <span class='ocrx_word' id='word_1_239' title='bbox 457 2877 483 2927; x_wconf 89' lang='lat' dir='ltr'><strong>et</strong></span> <span class='ocrx_word' id='word_1_240' title='bbox 505 2873 571 2943; x_wconf 89' lang='lat' dir='ltr'><strong>plebi</strong></span> <span class='ocrx_word' id='word_1_241' title='bbox 591 2873 748 2939; x_wconf 80' lang='lat' dir='ltr'><strong>neeessaria3</strong></span> <span class='ocrx_word' id='word_1_242' title='bbox 773 2878 881 2943; x_wconf 81' lang='lat' dir='ltr'><strong>ergoet</strong></span> 
     </span>
    </p>
   </div>
   <div class='ocr_carea' id='block_1_3' title="bbox 0 0 1292 3367">
    <p class='ocr_par' dir='ltr' id='par_1_6' title="bbox 0 0 1292 3367">
     <span class='ocr_line' id='line_1_35' title="bbox 0 0 1292 3367; baseline 0 0"><span class='ocrx_word' id='word_1_243' title='bbox 0 0 1292 3367; x_wconf 95' lang='lat' dir='ltr'><strong> </strong></span> 
     </span>
    </p>
   </div>
  </div>
 </body>
</html>
