2575 3367
458 321 525 371 LIB.
545 321 598 369 111.
616 320 690 370 cAP.
710 322 746 378 1³,
761 321 798 368 14.
978 319 1023 371 ll?

232 434 264 487 id
272 433 449 504 prestandum
458 431 559 504 poetas?
597 434 673 494 Quod
683 450 739 486 cero
750 431 863 498 stultius,
874 447 954 502 quam
969 447 1024 484 reu·

231 511 341 563 dicerem
355 510 411 579 eyter
426 510 473 573 rei,
486 527 566 579 quom
581 509 685 573 vereda,
701 511 765 561 vitia
781 505 914 561 nomn?
952 507 1026 574 Quid

230 595 317 638 cuum
329 595 384 639 tam
395 584 546 648 deurdum,
557 602 634 655 quom
648 586 674 637 η’
685 583 882 652 dominijeccre
892 586 930 635 ita
939 600 1024 654 pmec

228 661 368 730 predicet:
385 659 491 713 &mum
502 660 652 730 pestilentem
664 659 743 714 cende
751 658 773 712 t*
801 658 844 712 Sic
856 676 917 729 ergo
928 658 956 712 in
967 658 1022 728 qui·
1030 668 1061 715 te

230 735 338 790 busdam
350 729 433 790 causis
449 734 533 789 dubiis
545 753 577 790 ex
594 735 675 789 ultera
685 738 758 804 perte
774 733 919 789 defenditur
934 733 1022 789 hones·

229 815 280 877 tes,
293 830 325 866 ex
337 811 417 866 altere
433 810 471 866 ita
488 810 520 866 de
538 811 651 866 utilitate
668 810 769 878 dicitur,
781 814 811 865 ut
829 809 863 877 id,
876 809 944 882 quod
959 809 1023 864 utile

229 887 355 954 videatur,
366 903 418 943 non
429 885 504 941 modo
517 887 600 942 lacere
615 887 751 942 honestum
763 887 805 951 sit,
818 885 863 941 sed
879 886 956 941 etiem
970 903 1022 941 nou

230 964 315 1018 fucere
326 966 410 1034 turpe.
435 965 499 1018 Haeo
508 967 548 1018 est
557 963 608 1028 illu,
617 982 674 1034 que
683 962 784 1017 videtur
791 963 891 1017 utilium
901 963 956 1017 fieri
964 981 1022 1019 cum

229 1040 346 1095 honestis
363 1057 430 1110 soepe
447 1039 579 1094 dissensio.
616 1041 683 1100 Qum
700 1037 859 1110 dijudicando
876 1043 952 1092 sunt:
970 1056 1023 1096 nou

230 1115 307 1181 euim,
315 1120 346 1170 ut
358 1133 535 1187 quereremus,
549 1115 719 1188 exposuimus,
733 1115 819 1170 sedet
832 1114 1021 1184 explicaremus.

230 1191 294 1247 Non
309 1190 389 1261 igitur
401 1191 502 1246 videtur
520 1210 566 1247 nec
583 1192 765 1246 frumentarius
783 1191 824 1245 ille
841 1190 962 1256 Rhodios,
975 1203 1059 1254 nece?

229 1267 273 1322 hic
290 1266 381 1323 aedium
393 1267 511 1322 venditor
525 1267 606 1323 celere
624 1270 751 1338 emptores
769 1266 894 1321 debuisse.
930 1267 1022 1337 Neque

230 1343 299 1400 euim
317 1343 395 1399 idest
407 1344 496 1412 celare,
509 1344 632 1416 quidquid
651 1344 773 1409 reticeas3
793 1342 838 1397 sed
854 1361 940 1413 quum,
953 1344 1022 1414 quod

229 1424 261 1475 tu
283 1420 355 1485 scius,
372 1419 399 1474 id
416 1419 533 1491 ignorare
554 1420 718 1474 emolumenti
734 1419 775 1474 tui
791 1436 869 1474 ceusu
887 1418 948 1472 velis
969 1437 1020 1485 eos,

230 1513 339 1566 quorum
359 1494 461 1550 intersit
481 1496 508 1551 id
527 1496 599 1551 scire.
636 1496 697 1551 Ηοο
718 1499 802 1549 autem
823 1494 920 1550 cebodi
940 1513 1021 1565 genus

229 1571 305 1642 qoele
321 1571 355 1626 sit
368 1575 394 1626 et
406 1574 480 1642 cujus
491 1571 607 1637 hominis,
621 1572 678 1643 quis
690 1589 742 1625 nou
753 1571 841 1626 videti
878 1573 952 1627 Certe
970 1589 1022 1626 nou

229 1647 321 1718 aperti,
338 1665 390 1702 nou
408 1647 535 1718 simplicis,
550 1666 602 1703 nou
619 1648 731 1717 ingenui,
748 1666 799 1702 nou
812 1647 887 1717 justi,
905 1666 956 1702 nou
973 1647 1022 1702 viri

227 1724 306 1780 boni:
326 1722 423 1779 versuti
440 1724 533 1795 potius,
549 1723 660 1788 obscuri,
675 1724 761 1790 astuti,
774 1723 877 1791 fallacis,
893 1723 1019 1788 malitiosi,

228 1799 322 1866 callidi,
333 1800 490 1865 veteratoris,
504 1799 576 1855 vafri
613 1800 679 1856 Hoec
690 1804 730 1854 tot
746 1806 773 1855 et
785 1799 834 1854 slis
845 1799 924 1870 plura,
937 1817 1021 1854 noune

228 1874 321 1931 inutile
333 1880 380 1940 est,
393 1875 513 1930 vitiorum
525 1876 611 1932 subire
622 1877 743 1932 nominat

264 1950 341 2005 XIV.
366 1949 444 2011 Quod
467 1952 490 2006 si
510 1951 671 2023 vituperandi
691 1955 759 2016 sunt,
781 1950 825 2021 qui
845 1949 1059 2007 reticueruut258

228 2026 293 2098 quid
311 2026 342 2083 de
359 2026 391 2082 iis
407 2027 603 2083 existimandum
622 2032 670 2094 est,
683 2027 727 2098 qui
744 2026 866 2081 cretionis
882 2025 1020 2080 venitatem

228 2102 420 2159 adhibuerunt?
457 2103 696 2176 unanimoque
713 2103 853 2168 Romanus,
865 2119 912 2156 uec
927 2100 1021 2156 infece-

227 2184 273 2235 tus
286 2183 313 2234 et
325 2179 387 2234 setis
398 2179 523 2245 literatus,
534 2198 612 2251 quum
624 2198 653 2235 se
662 2180 799 2251 Syracusas
811 2177 919 2244 otiandi,
927 2185 957 2231 ut
966 2176 1021 2248 ipse

228 2255 316 2311 dicere
328 2255 433 2321 solebat,
447 2274 502 2310 noo
514 2256 669 2328 nepotiandi
679 2274 758 2310 caum
770 2255 909 2319 ootulisset,
922 2253 1021 2308 dictite

227 2332 274 2389 bct
281 2350 307 2385 ee
315 2333 429 2386 tortulae
434 2333 537 2404 aliquos
547 2351 626 2386 erum
634 2333 701 2399 velle,
710 2350 760 2403 quo
771 2333 883 2387 incinere
892 2334 989 2384 emicet
998 2340 1022 2386 et

227 2411 277 2464 eei
287 2407 440 2462 seobleetcre
448 2410 503 2461 sice
510 2408 736 2479 interpelucoritui
742 2418 828 2478 posset
853 2406 931 2467 Quod
943 2424 1021 2477 quum

227 2481 437 2556 percrebruisset,
445 2482 552 2552 Pythius
565 2485 588 2538 ei
601 2482 709 2554 quidam,
718 2486 763 2554 qui
775 2482 943 2554 argenteriam
955 2481 1022 2536 lece·

227 2566 269 2615 ret
283 2559 424 2629 Syracusis,
436 2561 536 2613 cemes
548 2562 650 2630 quidem
661 2578 686 2612 ee
699 2560 784 2614 bertoo
795 2556 966 2612 nectabere:
979 2556 1023 2609 ud

228 2638 304 2690 licere
319 2637 361 2688 uti
374 2633 464 2702 Canio,
477 2637 500 2688 si
511 2637 589 2700 vellet,
602 2640 633 2689 ot
650 2638 724 2689 soie:
743 2639 769 2690 et
787 2632 862 2688 simul
879 2630 911 2685 sd
927 2649 1022 2686 cenam

227 2710 356 2766 hominem
373 2702 499 2763 inbortos
515 2710 631 2765 invitavit
643 2711 811 2778 inposterum
824 2707 897 2762 diem.
933 2707 1022 2767 Quum

227 2787 270 2841 ille
282 2785 448 2857 promisisset,
461 2788 517 2839 tum
529 2787 645 2858 Pythius,
660 2787 791 2856 quiesset,
805 2789 835 2838 ut
853 2783 1021 2853 argentarius,

228 2862 299 2933 epud
310 2880 398 2918 omues
415 2861 517 2917 ordines
529 2864 666 2935 gratiosus,
680 2862 819 2933 piscatores
835 2861 867 2915 ed
885 2878 913 2916 se
930 2878 1022 2917 convo·
