2575 3367
375 292 423 332 ult
442 285 659 334 SENEOTUTE.
691 285 765 334 CAP.
783 287 806 342 6.
819 285 842 336 7.
987 292 1004 338 9

207 399 264 465 jarn
280 395 323 450 diu
339 396 463 467 eogitanti
474 395 567 451 bellum
582 395 664 450 multo
680 398 739 450 ante
753 393 890 449 denuntio:
909 393 942 450 de
953 413 1004 466 qua

212 472 294 526 vereri
308 490 359 527 non
371 478 429 527 ante
442 471 561 537 desinam,
575 491 650 544 quarn
666 471 734 526 illam
750 471 859 526 excisam
876 489 932 526 esse
943 488 1002 541 eog-

210 566 313 603 novero.
351 549 432 614 Quam
457 547 564 619 palmam
588 549 687 603 utinam
710 547 746 603 dii
769 547 924 602 immortales
946 546 1040 616 tibulli

211 625 304 694 Scipio,
318 628 454 689 reservent,
468 628 498 680 nt
510 624 551 679 avi
563 624 682 696 reliquias
694 626 863 695 persequare!
893 622 1003 692 Cujusa

209 705 293 755 morte
310 700 352 756 hie
371 701 463 756 tertius
484 705 511 756 et
529 700 672 756 trieesimus
698 704 739 755 est
762 717 859 754 annus:
884 698 930 754 sed
950 717 1002 754 me·

208 777 315 831 moriam
332 776 399 832 illius
417 777 465 833 riri
482 777 608 847 excipient
625 793 714 831 omues
731 776 792 830 anni
809 779 1000 846 oonsequentes.

207 853 285 907 Anno
297 856 356 907 aute
368 871 408 908 me
420 870 548 909 censorem
561 856 678 907 mortuus
690 855 738 917 est,
751 869 841 906 novem
855 852 927 906 annis
941 855 1000 921 post

207 946 292 982 meum
313 929 480 994 eonsulatum‚
499 947 578 1000 quum
599 928 688 983 oonsul
708 928 808 993 iterum,
827 947 868 982 me
887 928 998 993 consule,

208 1007 310 1058 oreatus
327 1008 402 1060 esset.
437 1005 508 1060 Num
525 1005 614 1076 igitur,
632 1004 656 1059 si
672 1003 704 1059 ad
722 1005 887 1060 oentesimum
905 1022 999 1058 annum

207 1079 321 1145 vixisset,
334 1081 473 1135 senectutis
485 1098 545 1136 eum
557 1098 610 1135 sure
622 1080 778 1151 poeniteret?
805 1079 863 1135 Nee
874 1081 940 1134 enim
957 1098 999 1135 ex·

206 1155 332 1220 cursione,
356 1174 403 1211 neo
426 1156 501 1221 saltu,
520 1173 568 1212 neo
591 1156 690 1211 eminus
713 1155 793 1210 hastis
815 1159 860 1210 sut
884 1156 998 1211 eominus

205 1229 296 1299 gladiis
312 1236 436 1298 uteretur,
449 1232 495 1288 sed
511 1231 622 1296 oonsilio,
640 1231 745 1297 ratione,
761 1232 895 1286 sententia
932 1232 998 1291 Qum

205 1306 255 1360 nisi
269 1315 354 1362 essent
366 1307 393 1363 in
408 1308 518 1372 senibus,
532 1325 583 1363 non
599 1325 726 1363 summurn
742 1307 874 1362 eonsilium
889 1307 997 1378 majores

204 1384 288 1438 nostri
300 1383 467 1455 appellassent
479 1388 603 1440 senatum.
636 1382 714 1453 Apud
725 1382 931 1438 Laeedaemonios
942 1383 997 1454 qui·
1004 1392 1035 1440 20

205 1458 263 1513 dem
279 1460 305 1525 ii,
319 1461 363 1530 qui
379 1461 558 1531 amplissimum
575 1460 752 1532 magistratum
768 1463 869 1530 gerunt,
882 1463 913 1515 ut
926 1464 995 1526 snut,

205 1536 244 1591 sie
255 1537 331 1591 etiarn
343 1538 506 1593 nominantur
517 1555 597 1593 senes
633 1537 711 1597 Quod
722 1537 745 1592 si
755 1537 840 1608 legere
851 1541 897 1592 aut
908 1536 996 1593 audire

204 1614 295 1669 voletis
310 1620 422 1681 externa,
434 1618 557 1672 maximas
574 1617 729 1688 respublicas
746 1618 779 1673 ab
794 1618 995 1674 adolescentibus

205 1689 349 1758 labefactas,
363 1711 379 1748 a
389 1692 492 1749 senibus
503 1697 662 1750 sustentatas
674 1698 700 1749 et
712 1696 845 1750 restitutas
856 1695 995 1766 reperietis.

218 1791 289 1846 Cedo,
298 1791 339 1850 qui
349 1797 450 1838 vestram
459 1793 627 1852 rempublicam
637 1798 729 1840 tantam
739 1794 848 1840 amisistis
857 1794 906 1841 lim
916 1796 979 1841 olto?

219 1879 246 1934 io
262 1880 328 1934 enim
345 1884 535 1951 permutantur,
546 1887 577 1938 ut
593 1886 633 1938 est
648 1883 675 1938 in
686 1883 771 1940 Narii
781 1881 871 1939 Ludo:
890 1901 994 1955 respon-

225 1959 297 2010 sntur
308 1959 334 2010 et
347 1956 402 2022 aba,
415 1962 441 2012 et
453 1957 507 2014 hseo
519 1958 660 2030 inprimis:

283 2055 456 2104 Proveniebant
464 2058 565 2106 oritoras
574 2059 638 2116 novi,
650 2059 724 2115 stulti,
733 2059 906 2107 adolescentuli.

239 2144 341 2199 meritas
360 2149 400 2201 est
420 2145 539 2203 videlieet
556 2148 670 2204 florentis
688 2149 780 2215 etatis,
798 2147 933 2221 prudentia
952 2167 992 2205 se-

245 2220 335 2275 oentis.

248 2294 299 2350 lII.
316 2296 353 2350 At
371 2299 491 2354 memoria
507 2300 638 2356 minuitur.
675 2299 766 2366 Credo,
778 2301 828 2356 nisi
845 2319 900 2356 eam
917 2310 1026 2358 exer-21

257 2375 323 2437 ‚aut
341 2372 363 2426 si
380 2373 416 2428 sis
431 2378 524 2430 natura
537 2377 641 2431 tardior.
677 2376 858 2433 Themistooles
876 2379 989 2434 omnium

260 2467 291 2502 zm
306 2455 453 2519 peroeperat
470 2452 579 2508 nomina
614 2453 686 2508 Num
702 2454 783 2524 igitur
796 2455 905 2509 oensetis
920 2473 987 2520 enm,

266 2543 276 2578 r
293 2527 371 2579 etate
388 2528 560 2595 prouenisset,
577 2529 621 2598 qni
638 2529 765 2586 Aristides
782 2533 859 2596 esset,
876 2530 990 2600 Lysima-

289 2599 400 2656 salutare
415 2602 537 2658 solitum?
566 2604 691 2675 Equidem
707 2622 760 2660 non
774 2604 850 2659 modo
861 2621 905 2658 eos
919 2606 988 2672 novi,

277 2678 327 2742 mt,
345 2675 390 2730 sed
410 2695 498 2732 eorum
518 2683 603 2749 patres
624 2681 703 2735 etiam
722 2684 749 2735 et
767 2698 836 2734 aros.
871 2680 928 2734 Neo
948 2697 988 2735 se-

294 2750 382 2821 legens
394 2771 489 2821 vereor,
499 2754 567 2825 quod
578 2755 657 2821 aiunt,
666 2774 698 2810 ne
710 2756 855 2810 memoriam
867 2754 985 2824 perdam:
1045 2819 1051 2829 ,

288 2844 315 2880 m
327 2827 389 2896 ipsis
403 2828 516 2898 legendis
530 2831 557 2885 in
568 2832 714 2886 memoriam
730 2831 806 2886 redeo
818 2834 985 2888 mortuorum.

292 2919 329 2956 ero
347 2920 498 2973 quemquam
516 2924 605 2961 senum
623 2906 709 2961 audiri
727 2907 843 2973 oblitum,
860 2924 912 2976 quo
928 2906 991 2963 loeo
1027 2919 1029 2924 '
