2575 3367
297 312 329 365 70
621 313 760 362 LAELIUS

297 424 329 478 de
347 441 401 479 me:
421 423 453 479 de
471 422 586 493 Scipione
605 424 685 480 dioam
703 423 830 479 libentius.
866 424 973 484 Quanta
989 425 1033 491 illi,
1050 424 1081 478 dir

296 493 458 559 immortales,
472 494 521 548 fuit
533 495 643 564 gravitas
655 500 661 550 t
681 498 775 565 quanta
786 496 813 548 in
825 496 941 550 oratione
953 495 1081 565 majestas!

297 576 327 624 nt
346 570 419 625 facile
436 571 525 626 ducem
544 570 631 641 populi
652 571 762 625 Romani
778 589 830 625 non
847 573 967 626 comitem
985 572 1084 626 diceres.

298 647 349 701 Sed
368 647 484 702 adfuistis
508 654 535 701 et
555 653 595 701 est
614 647 640 700 in
664 647 779 702 manibus
802 647 893 702 oratio.
930 649 1024 719 Itaque
1045 648 1085 702 lex

297 725 426 795 popularis
439 723 565 794 suffragiis
577 723 664 794 populi
677 723 810 794 repudiata
821 727 869 778 est.
905 727 1002 794 Atque,
1015 729 1045 779 ut
1056 723 1087 778 ad

297 819 339 854 me
353 800 460 864 redeam,
474 799 631 864 meministis,
645 801 676 864 Q.
685 800 806 864 Maximo,
819 799 899 854 fratre
916 801 1049 870 Scipionis,
1061 805 1086 855 et

298 877 326 929 L.
337 877 457 932 Mancino
476 876 629 942 oonsulibus,
647 893 722 946 qnam
743 875 871 947 popularis
891 874 933 930 lex
954 876 987 931 de
1007 895 1087 932 sacar·

299 952 375 1006 dotiis
399 952 428 1006 0.
447 952 541 1007 Licinii
561 952 648 1007 Crassi
671 951 824 1008 ridebatur!
862 951 1000 1022 cooptatio
1023 954 1086 1008 enim

299 1029 460 1099 collegiorum
471 1028 503 1083 ad
512 1029 598 1099 populi
606 1028 754 1083 beneficium
768 1027 978 1083 transferebatur.
1004 1032 1087 1100 Atque

299 1108 320 1159 is
338 1106 434 1176 primus
452 1105 565 1160 instituit
577 1105 604 1160 in
615 1105 698 1159 forum
710 1122 799 1159 versus
816 1122 891 1175 agere
903 1122 962 1159 oum
981 1107 1087 1177 populo;

298 1186 384 1236 tamon
401 1182 468 1237 illius
485 1181 635 1237 vendibilem
654 1181 794 1236 orationem
813 1181 902 1252 religio
921 1181 1026 1237 deorum
1044 1183 1089 1238 im-

298 1259 443 1314 mortalium
458 1259 531 1314 nobis
547 1257 740 1313 defendentibus
755 1257 828 1312 facile
841 1257 967 1313 vincebat.
1004 1262 1088 1330 Atque

298 1337 323 1390 id
337 1341 422 1391 aetum
434 1340 474 1390 est
486 1339 593 1406 praetore
605 1353 645 1389 me
658 1334 829 1405 quinquennio
841 1338 901 1389 ante
914 1353 991 1406 quam
1003 1336 1089 1391 oonsul

300 1432 355 1466 sum
369 1413 460 1468 fautus.
497 1414 540 1466 Ita
554 1429 582 1466 re
597 1411 687 1482 magis,
700 1429 774 1483 quam
787 1412 940 1467 anctoritate
956 1429 1035 1468 eausa
1049 1413 1089 1467 illa

300 1488 403 1543 defensa
414 1493 462 1544 est.

260 1564 290 1613 97
335 1565 434 1619 XXVI.
453 1563 531 1622 Quod
546 1564 570 1618 si
580 1563 607 1618 in
623 1581 706 1629 soona,
719 1562 746 1618 id
762 1566 803 1618 est
818 1563 846 1617 in
861 1563 990 1630 musione,
1003 1564 1031 1619 in
1041 1580 1089 1636 qna

299 1640 374 1694 rebus
393 1640 459 1694 fietis
480 1643 507 1693 ot
527 1639 683 1694 adumbratis
706 1639 756 1694 loci
778 1641 915 1712 plurimum
935 1645 984 1707 est,
1006 1646 1088 1696 tamen

299 1735 386 1771 vorum
398 1716 473 1781 valet,
487 1715 510 1770 si
524 1716 599 1771 modo
615 1716 641 1770 id
654 1716 810 1787 patefactum
826 1720 854 1773 et
865 1717 1022 1773 illustratum
1036 1722 1088 1781 est;

300 1794 360 1866 quid
378 1794 405 1848 in
425 1793 537 1849 amicitia
555 1793 609 1848 fieri
628 1797 741 1864 oportet,
763 1812 818 1864 qua
836 1797 893 1848 tota
910 1795 1021 1849 veritate
1037 1812 1089 1865 per·

299 1871 438 1942 penditur?
456 1869 484 1925 in
496 1888 546 1941 qua
556 1869 613 1934 nisi,
623 1872 654 1923 ut
664 1869 764 1935 dieitur,
775 1873 891 1940 apertum
902 1877 995 1941 peetus
1007 1870 1088 1925 videas

300 1953 423 2018 tuumque
432 1946 559 2011 ostendas,
569 1945 632 2000 nihil
640 1944 726 2010 fidum,
737 1946 800 2000 nihil
811 1945 972 2017 exploratum
984 1947 1088 2012 nahem

299 2042 332 2078 ne
350 2042 433 2078 amare
451 2022 551 2094 quidem
570 2025 615 2076 aut
633 2021 719 2086 amari,
733 2040 820 2091 quum,
833 2022 860 2076 id
874 2041 949 2094 quam
966 2042 1026 2078 vere
1039 2023 1088 2086 fiat,

299 2100 409 2170 ignores.
446 2100 605 2170 Quamquam
630 2098 682 2152 ista
702 2099 848 2163 assentatio,
871 2099 987 2169 quamvis
1010 2099 1090 2170 perni-

300 2178 368 2230 oiosa
384 2177 426 2244 sit,
438 2193 530 2231 nocere
546 2181 632 2230 tamen
649 2174 741 2229 nemini
758 2179 851 2246 potest,
865 2175 915 2229 nisi
931 2176 963 2240 ei,
978 2177 1022 2246 qui
1037 2193 1089 2230 eam

300 2253 390 2321 recipit
403 2256 478 2322 atque
490 2269 520 2306 ea
532 2251 680 2305 delectatur.
710 2251 753 2305 Ita
765 2252 802 2316 fit,
814 2255 845 2305 ut
857 2251 879 2305 is
892 2250 1089 2306 assentatoribus

301 2326 436 2395 patefaciat
454 2345 527 2381 aures
546 2345 605 2381 suas
623 2327 739 2394 manime,
752 2328 795 2397 qui
811 2327 866 2396 ipse
883 2326 933 2381 sibi
949 2331 1089 2381 assentetur

262 2414 293 2461 98
301 2407 327 2458 et
349 2420 376 2456 se
396 2403 503 2456 maxime
524 2404 578 2473 ipse
599 2403 716 2459 delectet.
754 2404 862 2456 Omnino
883 2406 923 2456 est
945 2421 1033 2458 amans
1053 2402 1089 2456 sui

301 2481 398 2534 virtus:
423 2478 517 2548 optime
535 2480 600 2533 euim
620 2498 648 2534 se
666 2481 722 2549 ipsa
738 2479 817 2542 norit,
834 2496 962 2549 quamque
980 2478 1089 2534 amabilis

301 2558 343 2621 sit,
361 2555 495 2626 intelligit:
514 2572 562 2626 ego
579 2559 664 2609 autem
682 2573 732 2609 non
749 2554 780 2608 de
796 2554 892 2608 virtuto
910 2573 980 2610 nuno
996 2556 1088 2627 loquor,

302 2631 347 2686 sed
362 2631 394 2685 de
405 2632 508 2686 virtutis
527 2631 653 2701 opinione.
690 2631 796 2684 Virtute
813 2630 879 2684 enim
898 2630 955 2700 ipsa
972 2650 1025 2686 non
1041 2637 1090 2686 tam

302 2707 376 2762 multi
393 2707 491 2778 praediti
508 2725 571 2771 esso,
585 2725 661 2777 quam
676 2707 756 2761 videri
771 2706 869 2760 volunt.
906 2707 966 2762 Hos
984 2708 1090 2763 delectat

302 2784 440 2838 assentatio
447 2805 455 2849 ;
479 2783 519 2837 nis
539 2782 615 2835 fictus
639 2781 671 2835 ad
694 2782 807 2852 ipsorum
828 2782 988 2839 voluntatem
1012 2799 1090 2840 sermo

298 2876 379 2932 quum
400 2858 542 2922 adhibetur,
564 2855 703 2911 orationem
720 2858 788 2913 illam
806 2876 895 2914 vanam
917 2860 1090 2916 testimonium
