2575 3367
285 310 317 357 88
563 307 611 354 DE
629 304 783 356 OFFlCllS

227 427 273 475 10⁰
320 417 549 482 occursantem,
570 418 638 488 quod
657 417 688 473 ab
709 437 740 473 eo
761 419 871 485 ducitur,
889 420 956 475 banc
974 422 1083 492 primum

287 495 364 550 babet
376 495 448 558 vium,
463 513 519 564 quae
531 493 634 549 deducit
647 495 679 549 ad
696 496 898 551 convenientium
912 501 1085 554 conservatio·

287 589 394 643 nemque
406 577 511 626 naturae.
547 573 628 636 Quam
643 572 667 627 si
684 591 820 644 sequemur
835 573 933 638 ducem,
946 593 1085 647 numquam

288 648 467 714 aberrabimus,
480 667 693 720 assequemurque
706 655 732 704 et
748 650 782 717 id,
794 650 863 721 quod
874 655 978 706 acutum
991 657 1019 706 et
1031 671 1086 723 per-

289 726 375 803 spicer
388 729 481 780 nutura
491 735 539 791 est,
555 730 582 780 et
594 726 628 792 id,
641 725 711 796 quod
728 726 760 780 ed
778 727 908 782 hominum
920 729 1086 783 consociatio

289 821 348 858 nem
360 801 584 868 acommodatum,
598 806 624 857 et
637 802 671 868 id,
685 803 753 874 quod
771 805 906 859 vehemens
922 808 1000 876 atque
1012 805 1086 859 torte

291 879 343 936 Sed
354 878 463 933 maxima
474 878 512 934 vis
524 878 609 934 decori
619 879 649 934 in
659 880 707 934 hac
718 880 786 936 inest
800 885 880 950 parte,
893 880 926 935 de
938 899 989 950 qua
1001 881 1088 951 dispu-

290 959 383 1012 tamus.
421 955 514 1027 Neque
531 955 599 1011 euim
619 956 701 1011 solum
719 958 840 1028 corperis,
857 957 902 1028 qui
919 957 952 1012 ud
969 961 1088 1012 naturam

292 1034 346 1105 apti
358 1035 426 1098 sunt,
437 1032 482 1088 scd
493 1031 574 1087 multo
586 1032 665 1087 etiam
676 1033 758 1104 magis
770 1033 847 1088 animi
859 1037 944 1088 motus
956 1033 1087 1105 probandi,

234 1125 279 1174 101
294 1110 337 1182 qui
353 1109 415 1165 item
434 1108 466 1164 ad
483 1112 600 1163 nutarem
622 1109 804 1165 accommodati
821 1114 892 1166 sunt.
926 1110 1031 1182 Duplex
1049 1113 1088 1164 est

294 1187 361 1242 enim
375 1187 412 1242 vis
424 1185 565 1242 animorum
577 1189 655 1257 atque
665 1193 772 1241 natura:
794 1205 916 1257 unapars
933 1186 960 1240 in
972 1187 1089 1257 appetitu

294 1264 379 1335 posita
396 1267 444 1329 est,
466 1281 523 1335 quae
542 1266 582 1318 est
600 1267 660 1331 ὁρμή
678 1264 773 1328 Gruoe,
786 1282 843 1334 quae
858 1263 985 1318 homiuem
998 1264 1049 1318 huo
1062 1267 1089 1317 et

294 1341 355 1397 illuc
374 1341 459 1413 rapit:
485 1340 565 1396 altera
579 1339 607 1394 in
624 1341 729 1405 ratione,
747 1359 803 1412 quae
823 1339 898 1395 docet
916 1343 943 1394 et
961 1340 1088 1411 explanat,

296 1418 358 1489 quid
369 1416 512 1473 faciendum
524 1416 704 1487 fugiendumve
717 1416 759 1472 sit.
784 1417 870 1482 ltafit,
880 1417 985 1471 utratio
993 1416 1089 1488 presit,

296 1495 425 1565 appetitus
437 1493 601 1564 obtemperet.

331 1571 443 1624 XXIX.
460 1569 548 1625 Omnis
558 1573 643 1624 autem
652 1570 718 1625 ratio
729 1589 819 1627 vacare
828 1569 1090 1625 debettemeritateet

296 1648 460 1720 negligentia,
476 1665 525 1704 nee
535 1665 596 1704 vero
612 1665 689 1717 agere
700 1648 845 1720 quidquam,
858 1651 933 1717 cujus
946 1664 996 1700 nou
1009 1646 1090 1716 possit

238 1739 286 1787 102
297 1743 398 1782 oausam
417 1723 572 1797 probabilem
589 1724 703 1780 reddere.
746 1725 812 1780 Hac
830 1727 871 1778 est
888 1722 956 1777 enim
974 1722 1028 1777 fere
1046 1721 1090 1777 do-

298 1802 402 1873 soriptie
414 1801 495 1858 officii.
530 1801 696 1857 Efficiendum
709 1804 794 1856 autem
806 1804 854 1865 est,
867 1803 897 1854 ut
909 1799 1039 1870 appetitus
1051 1817 1091 1853 ru·

295 1879 361 1936 tioni
377 1878 623 1950 obedientemque
641 1896 725 1949 nequo
741 1879 904 1950 praecurrant,
920 1893 968 1930 neo
986 1880 1091 1946 propter

296 1957 425 2030 pigritiem
437 1959 482 2012 aut
493 1956 618 2028 ignamm
629 1954 754 2020 deserant,
764 1953 866 2025 sintque
874 1951 1004 2023 tranquilli
1013 1956 1091 2022 atque

297 2034 367 2090 omni
386 2033 578 2106 perturbatione
598 2032 676 2087 animi
698 2034 809 2087 careant.
850 2030 892 2084 Ex
912 2045 962 2100 quo
980 2028 1091 2083 elucebit

297 2113 379 2166 omnis
391 2109 534 2171 constantia
545 2109 677 2179 omnisque
693 2106 841 2162 moderatio.
875 2105 1002 2175 Numqui
1017 2121 1092 2176 eppo·

298 2187 363 2243 titus
382 2187 483 2258 longius
504 2188 645 2256 evagantur
666 2189 692 2240 et
712 2188 842 2254 tamquam
861 2182 1018 2238 exsultantes
1037 2182 1092 2237 sive

300 2262 425 2334 cupiendo
438 2262 492 2317 sive
508 2261 629 2333 fugiendo
645 2279 698 2316 non
715 2261 777 2316 satis
796 2279 812 2316 a
828 2260 926 2315 ratione
938 2259 1089 2324 retinentur,

299 2340 326 2395 hi
338 2340 392 2394 sine
408 2338 485 2394 dubio
498 2339 574 2393 finem
590 2342 617 2393 et
634 2337 737 2392 modum
756 2341 897 2392 transeunt.
932 2336 1092 2408 Relinquunt

300 2416 366 2472 enim
385 2419 412 2471 et
430 2415 552 2484 abjiciunt
570 2414 739 2470 obedientiam
756 2432 804 2468 nec
821 2414 914 2468 rationi
933 2419 1031 2484 parcnt,
1051 2412 1093 2468 cui

300 2496 361 2550 sunt
381 2491 489 2564 subjecti
508 2493 563 2564 lego
583 2498 696 2547 neturae:
721 2490 845 2562 aquibus
857 2507 909 2544 non
924 2489 999 2544 modo
1015 2490 1093 2546 animi

300 2570 490 2642 perturbantur,
500 2568 545 2624 sed
556 2569 631 2624 etiam
642 2585 756 2638 corpora
783 2567 855 2622 lieet
867 2584 912 2621 ora
923 2567 978 2637 ipsu
989 2583 1094 2621 cornero

299 2649 421 2704 iratorum
441 2651 486 2701 aut
501 2663 596 2709 eorum,
615 2644 660 2713 qui
677 2648 722 2700 aut
739 2642 842 2699 libidine
860 2643 943 2715 aliqua
959 2645 1004 2696 aut
1022 2649 1095 2699 metu

300 2725 503 2789 commotisunt,
523 2724 568 2777 aut
586 2719 717 2792 voluptate
734 2722 812 2777 nimia
828 2720 959 2790 gestiunt:
983 2738 1094 2789 quorum

242 2813 288 2861 103
300 2801 413 2855 omnium
427 2800 521 2866 vultus,
534 2815 616 2862 voees,
630 2803 715 2853 motus
732 2803 865 2866 statusque
876 2800 1019 2861 mutantur,
1052 2799 1093 2852 Ex

302 2877 393 2950 quibus
405 2877 469 2932 illud
483 2875 644 2947 intelligitur,
659 2875 701 2945 (ut
718 2875 751 2932 ad
768 2875 842 2931 officii
858 2874 965 2928 formum
981 2878 1095 2929 reverta·
