<?xml version="1.0" encoding="UTF-8"?>
<!DOCTYPE html PUBLIC "-//W3C//DTD XHTML 1.0 Transitional//EN"
    "http://www.w3.org/TR/xhtml1/DTD/xhtml1-transitional.dtd">
<html xmlns="http://www.w3.org/1999/xhtml" xml:lang="en" lang="en">
 <head>
  <title>
</title>
<meta http-equiv="Content-Type" content="text/html;charset=utf-8" />
  <meta name='ocr-system' content='tesseract 3.04.00' />
  <meta name='ocr-capabilities' content='ocr_page ocr_carea ocr_par ocr_line ocrx_word'/>
</head>
<body>
  <div class='ocr_page' id='page_1' title='image "./mtulliuscicerod00cicegoog_0073.png"; bbox 0 0 2575 3367; ppageno 0'>
   <div class='ocr_carea' id='block_1_1' title="bbox 493 319 1018 370">
    <p class='ocr_par' dir='ltr' id='par_1_1' title="bbox 493 319 1018 370">
     <span class='ocr_line' id='line_1_1' title="bbox 493 319 1018 370; baseline -0.002 0"><span class='ocrx_word' id='word_1_1' title='bbox 493 319 562 370; x_wconf 79' lang='lat' dir='ltr'>Lm.</span> <span class='ocrx_word' id='word_1_2' title='bbox 580 319 617 369; x_wconf 92' lang='lat'>11.</span> <span class='ocrx_word' id='word_1_3' title='bbox 634 319 711 369; x_wconf 81' lang='lat' dir='ltr'>CAP.</span> <span class='ocrx_word' id='word_1_4' title='bbox 726 321 751 367; x_wconf 76' lang='grc'>8.</span> <span class='ocrx_word' id='word_1_5' title='bbox 987 321 1018 369; x_wconf 75' lang='grc'>65</span> 
     </span>
    </p>
   </div>
   <div class='ocr_carea' id='block_1_2' title="bbox 171 430 1060 1650">
    <p class='ocr_par' dir='ltr' id='par_1_2' title="bbox 171 430 1060 1650">
     <span class='ocr_line' id='line_1_2' title="bbox 226 430 1060 504; baseline -0.001 -17"><span class='ocrx_word' id='word_1_6' title='bbox 226 431 305 488; x_wconf 90' lang='lat' dir='ltr'>nicies</span> <span class='ocrx_word' id='word_1_7' title='bbox 316 432 397 504; x_wconf 86' lang='lat' dir='ltr'>major</span> <span class='ocrx_word' id='word_1_8' title='bbox 408 431 539 487; x_wconf 88' lang='lat' dir='ltr'>hominnm</span> <span class='ocrx_word' id='word_1_9' title='bbox 550 431 610 487; x_wconf 79' lang='lat' dir='ltr'>vitre</span> <span class='ocrx_word' id='word_1_10' title='bbox 622 431 707 501; x_wconf 91' lang='lat' dir='ltr'>potuit</span> <span class='ocrx_word' id='word_1_11' title='bbox 719 431 813 485; x_wconf 79' lang='lat' dir='ltr'>afferri.</span> <span class='ocrx_word' id='word_1_12' title='bbox 849 430 953 485; x_wconf 84' lang='lat' dir='ltr'>Summa</span> <span class='ocrx_word' id='word_1_13' title='bbox 964 433 1019 502; x_wconf 93' lang='lat' dir='ltr'>qui·</span> <span class='ocrx_word' id='word_1_14' title='bbox 1030 445 1060 491; x_wconf 85' lang='lat'>10</span> 
     </span>
     <span class='ocr_line' id='line_1_3' title="bbox 226 507 1018 579; baseline 0.001 -17"><span class='ocrx_word' id='word_1_15' title='bbox 226 508 282 564; x_wconf 90' lang='lat' dir='ltr'>dem</span> <span class='ocrx_word' id='word_1_16' title='bbox 300 509 453 565; x_wconf 88' lang='lat' dir='ltr'>auctoritate</span> <span class='ocrx_word' id='word_1_17' title='bbox 466 507 616 579; x_wconf 79' lang='lat' dir='ltr'>philosophi,</span> <span class='ocrx_word' id='word_1_18' title='bbox 630 525 717 562; x_wconf 87' lang='lat' dir='ltr'>severe</span> <span class='ocrx_word' id='word_1_19' title='bbox 731 525 792 562; x_wconf 89' lang='lat' dir='ltr'>sane</span> <span class='ocrx_word' id='word_1_20' title='bbox 810 511 887 577; x_wconf 90' lang='lat' dir='ltr'>atque</span> <span class='ocrx_word' id='word_1_21' title='bbox 904 509 1018 574; x_wconf 83' lang='lat' dir='ltr'>honesto,</span> 
     </span>
     <span class='ocr_line' id='line_1_4' title="bbox 226 584 1019 656; baseline -0.001 -15"><span class='ocrx_word' id='word_1_22' title='bbox 226 585 280 641; x_wconf 83' lang='lat' dir='ltr'>lraec</span> <span class='ocrx_word' id='word_1_23' title='bbox 292 586 344 641; x_wconf 88' lang='lat' dir='ltr'>tria</span> <span class='ocrx_word' id='word_1_24' title='bbox 355 603 449 656; x_wconf 81' lang='lat' dir='ltr'>genere</span> <span class='ocrx_word' id='word_1_25' title='bbox 460 585 574 649; x_wconf 87' lang='lat' dir='ltr'>ooniusa,</span> <span class='ocrx_word' id='word_1_26' title='bbox 588 584 743 655; x_wconf 89' lang='lat' dir='ltr'>cogitatione</span> <span class='ocrx_word' id='word_1_27' title='bbox 755 584 924 652; x_wconf 88' lang='lat' dir='ltr'>distinguunt.</span> <span class='ocrx_word' id='word_1_28' title='bbox 938 585 1019 644; x_wconf 74' lang='lat' dir='ltr'>Quid·</span> 
     </span>
     <span class='ocr_line' id='line_1_5' title="bbox 227 661 1019 734; baseline -0.001 -17"><span class='ocrx_word' id='word_1_29' title='bbox 227 663 289 734; x_wconf 90' lang='lat' dir='ltr'>quid</span> <span class='ocrx_word' id='word_1_30' title='bbox 300 663 370 718; x_wconf 89' lang='lat' dir='ltr'>enim</span> <span class='ocrx_word' id='word_1_31' title='bbox 377 666 479 732; x_wconf 86' lang='lat' dir='ltr'>justum</span> <span class='ocrx_word' id='word_1_32' title='bbox 491 663 533 728; x_wconf 91' lang='lat' dir='ltr'>sit,</span> <span class='ocrx_word' id='word_1_33' title='bbox 540 662 567 716; x_wconf 92' lang='lat' dir='ltr'>id</span> <span class='ocrx_word' id='word_1_34' title='bbox 578 664 657 717; x_wconf 86' lang='lat' dir='ltr'>etiam</span> <span class='ocrx_word' id='word_1_35' title='bbox 668 661 732 717; x_wconf 91' lang='lat' dir='ltr'>utile</span> <span class='ocrx_word' id='word_1_36' title='bbox 744 680 800 716; x_wconf 86' lang='lat' dir='ltr'>esse</span> <span class='ocrx_word' id='word_1_37' title='bbox 811 666 916 716; x_wconf 82' lang='lat' dir='ltr'>censent</span> <span class='ocrx_word' id='word_1_38' title='bbox 927 681 934 725; x_wconf 79' lang='lat'>3</span> <span class='ocrx_word' id='word_1_39' title='bbox 946 663 1019 716; x_wconf 90' lang='lat' dir='ltr'>item·</span> 
     </span>
     <span class='ocr_line' id='line_1_6' title="bbox 226 738 1020 812; baseline -0.003 -18"><span class='ocrx_word' id='word_1_40' title='bbox 226 759 276 810; x_wconf 91' lang='lat' dir='ltr'>que</span> <span class='ocrx_word' id='word_1_41' title='bbox 289 739 358 812; x_wconf 91' lang='lat' dir='ltr'>quod</span> <span class='ocrx_word' id='word_1_42' title='bbox 370 740 513 808; x_wconf 84' lang='lat' dir='ltr'>honesturn,</span> <span class='ocrx_word' id='word_1_43' title='bbox 526 738 592 794; x_wconf 87' lang='lat' dir='ltr'>idern</span> <span class='ocrx_word' id='word_1_44' title='bbox 602 740 710 810; x_wconf 87' lang='lat' dir='ltr'>justum.</span> <span class='ocrx_word' id='word_1_45' title='bbox 738 739 779 792; x_wconf 82' lang='lat' dir='ltr'>Ex</span> <span class='ocrx_word' id='word_1_46' title='bbox 791 755 842 808; x_wconf 93' lang='lat' dir='ltr'>quo</span> <span class='ocrx_word' id='word_1_47' title='bbox 854 739 970 801; x_wconf 89' lang='lat' dir='ltr'>efficitur,</span> <span class='ocrx_word' id='word_1_48' title='bbox 982 747 1020 808; x_wconf 87' lang='lat' dir='ltr'>ut,</span> 
     </span>
     <span class='ocr_line' id='line_1_7' title="bbox 226 815 1020 888; baseline -0.001 -17"><span class='ocrx_word' id='word_1_49' title='bbox 226 815 360 888; x_wconf 77' lang='lat' dir='ltr'>quidquid</span> <span class='ocrx_word' id='word_1_50' title='bbox 369 816 555 880; x_wconf 66' lang='lat' dir='ltr'>tomaummt,</span> <span class='ocrx_word' id='word_1_51' title='bbox 565 816 629 870; x_wconf 77' lang='lat' dir='ltr'>idea</span> <span class='ocrx_word' id='word_1_52' title='bbox 640 818 674 870; x_wconf 80' lang='lat' dir='ltr'>ait</span> <span class='ocrx_word' id='word_1_53' title='bbox 685 815 757 869; x_wconf 77' lang='lat' dir='ltr'>utile.</span> <span class='ocrx_word' id='word_1_54' title='bbox 785 815 863 874; x_wconf 78' lang='lat' dir='ltr'>Quod</span> <span class='ocrx_word' id='word_1_55' title='bbox 875 815 917 885; x_wconf 93' lang='lat' dir='ltr'>qui</span> <span class='ocrx_word' id='word_1_56' title='bbox 930 834 1020 886; x_wconf 88' lang='lat' dir='ltr'>parum</span> 
     </span>
     <span class='ocr_line' id='line_1_8' title="bbox 226 891 1020 963; baseline -0.003 -15"><span class='ocrx_word' id='word_1_57' title='bbox 226 893 393 963; x_wconf 84' lang='lat' dir='ltr'>perspiciunt,</span> <span class='ocrx_word' id='word_1_58' title='bbox 404 892 423 947; x_wconf 92' lang='lat' dir='ltr'>ii</span> <span class='ocrx_word' id='word_1_59' title='bbox 434 910 510 963; x_wconf 79' lang='lat' dir='ltr'>sape,</span> <span class='ocrx_word' id='word_1_60' title='bbox 523 895 641 947; x_wconf 87' lang='lat' dir='ltr'>versutos</span> <span class='ocrx_word' id='word_1_61' title='bbox 654 891 769 946; x_wconf 89' lang='lat' dir='ltr'>homines</span> <span class='ocrx_word' id='word_1_62' title='bbox 785 895 811 947; x_wconf 86' lang='lat' dir='ltr'>et</span> <span class='ocrx_word' id='word_1_63' title='bbox 828 892 931 947; x_wconf 86' lang='lat' dir='ltr'>callidos</span> <span class='ocrx_word' id='word_1_64' title='bbox 943 892 1020 946; x_wconf 86' lang='lat' dir='ltr'>admi-</span> 
     </span>
     <span class='ocr_line' id='line_1_9' title="bbox 226 968 1021 1040; baseline 0 -17"><span class='ocrx_word' id='word_1_65' title='bbox 226 976 322 1034; x_wconf 78' lang='lat' dir='ltr'><strong>rantes,</strong></span> <span class='ocrx_word' id='word_1_66' title='bbox 341 968 462 1024; x_wconf 86' lang='lat' dir='ltr'>malitiam</span> <span class='ocrx_word' id='word_1_67' title='bbox 483 968 632 1040; x_wconf 88' lang='lat' dir='ltr'>sapientiam</span> <span class='ocrx_word' id='word_1_68' title='bbox 650 968 776 1038; x_wconf 87' lang='lat' dir='ltr'>judicant.</span> <span class='ocrx_word' id='word_1_69' title='bbox 813 969 931 1028; x_wconf 79' lang='lat' dir='ltr'>Quorum</span> <span class='ocrx_word' id='word_1_70' title='bbox 951 987 1021 1023; x_wconf 88' lang='lat' dir='ltr'>error</span> 
     </span>
     <span class='ocr_line' id='line_1_10' title="bbox 226 1043 1022 1117; baseline -0.001 -17"><span class='ocrx_word' id='word_1_71' title='bbox 226 1045 373 1117; x_wconf 88' lang='lat' dir='ltr'>eripiendus</span> <span class='ocrx_word' id='word_1_72' title='bbox 383 1050 430 1113; x_wconf 90' lang='lat' dir='ltr'>est,</span> <span class='ocrx_word' id='word_1_73' title='bbox 437 1044 573 1115; x_wconf 88' lang='lat' dir='ltr'>opinioque</span> <span class='ocrx_word' id='word_1_74' title='bbox 582 1045 665 1099; x_wconf 89' lang='lat' dir='ltr'>omnis</span> <span class='ocrx_word' id='word_1_75' title='bbox 675 1043 770 1099; x_wconf 85' lang='lat' dir='ltr'>adeam</span> <span class='ocrx_word' id='word_1_76' title='bbox 780 1045 1022 1115; x_wconf 84' lang='lat' dir='ltr'>spemtraduoeuda,</span> 
     </span>
     <span class='ocr_line' id='line_1_11' title="bbox 226 1121 1022 1192; baseline -0.001 -15"><span class='ocrx_word' id='word_1_77' title='bbox 226 1127 257 1178; x_wconf 90' lang='lat' dir='ltr'>ut</span> <span class='ocrx_word' id='word_1_78' title='bbox 265 1122 381 1177; x_wconf 78' lang='lat' dir='ltr'><strong>honestis</strong></span> <span class='ocrx_word' id='word_1_79' title='bbox 393 1121 504 1176; x_wconf 85' lang='lat' dir='ltr'>consiliis</span> <span class='ocrx_word' id='word_1_80' title='bbox 513 1121 644 1192; x_wconf 87' lang='lat' dir='ltr'>justisque</span> <span class='ocrx_word' id='word_1_81' title='bbox 656 1121 739 1186; x_wconf 83' lang='lat' dir='ltr'>iactis,</span> <span class='ocrx_word' id='word_1_82' title='bbox 749 1140 801 1175; x_wconf 92' lang='lat' dir='ltr'>non</span> <span class='ocrx_word' id='word_1_83' title='bbox 811 1122 899 1176; x_wconf 88' lang='lat' dir='ltr'>fraude</span> <span class='ocrx_word' id='word_1_84' title='bbox 912 1128 938 1177; x_wconf 91' lang='lat' dir='ltr'>et</span> <span class='ocrx_word' id='word_1_85' title='bbox 950 1123 1022 1176; x_wconf 86' lang='lat' dir='ltr'>mali-</span> 
     </span>
     <span class='ocr_line' id='line_1_12' title="bbox 171 1197 1058 1269; baseline -0.001 -14"><span class='ocrx_word' id='word_1_86' title='bbox 171 1251 173 1255; x_wconf 77' lang='grc'>,</span> <span class='ocrx_word' id='word_1_87' title='bbox 227 1200 263 1254; x_wconf 89' lang='lat' dir='ltr'>tia</span> <span class='ocrx_word' id='word_1_88' title='bbox 279 1217 309 1254; x_wconf 88' lang='lat' dir='ltr'>se</span> <span class='ocrx_word' id='word_1_89' title='bbox 324 1198 468 1269; x_wconf 74' lang='lat' dir='ltr'>intelligant</span> <span class='ocrx_word' id='word_1_90' title='bbox 481 1215 519 1262; x_wconf 85' lang='lat' dir='ltr'>ea,</span> <span class='ocrx_word' id='word_1_91' title='bbox 532 1215 589 1268; x_wconf 85' lang='lat' dir='ltr'>quse</span> <span class='ocrx_word' id='word_1_92' title='bbox 600 1197 689 1262; x_wconf 88' lang='lat' dir='ltr'>velint,</span> <span class='ocrx_word' id='word_1_93' title='bbox 702 1199 823 1268; x_wconf 82' lang='lat' dir='ltr'>consequi</span> <span class='ocrx_word' id='word_1_94' title='bbox 835 1216 917 1267; x_wconf 89' lang='lat' dir='ltr'>posse.</span> <span class='ocrx_word' id='word_1_95' title='bbox 955 1200 1020 1257; x_wconf 79' lang='lat' dir='ltr'>Qua</span> <span class='ocrx_word' id='word_1_96' title='bbox 1032 1215 1058 1262; x_wconf 81' lang='grc' dir='ltr'>ιι</span> 
     </span>
     <span class='ocr_line' id='line_1_13' title="bbox 226 1273 1021 1347; baseline -0.005 -16"><span class='ocrx_word' id='word_1_97' title='bbox 226 1294 289 1347; x_wconf 87' lang='lat' dir='ltr'>ergo</span> <span class='ocrx_word' id='word_1_98' title='bbox 296 1276 332 1329; x_wconf 74' lang='lat' dir='ltr'>aa</span> <span class='ocrx_word' id='word_1_99' title='bbox 341 1277 418 1328; x_wconf 79' lang='lat' dir='ltr'>cilum</span> <span class='ocrx_word' id='word_1_100' title='bbox 430 1274 566 1328; x_wconf 72' lang='lat' dir='ltr'>homiuum</span> <span class='ocrx_word' id='word_1_101' title='bbox 578 1273 701 1328; x_wconf 76' lang='lat' dir='ltr'>tamdem</span> <span class='ocrx_word' id='word_1_102' title='bbox 712 1276 850 1343; x_wconf 73' lang='lat' dir='ltr'>pertinent,</span> <span class='ocrx_word' id='word_1_103' title='bbox 858 1275 950 1342; x_wconf 86' lang='lat' dir='ltr'>partim</span> <span class='ocrx_word' id='word_1_104' title='bbox 960 1279 1021 1329; x_wconf 92' lang='lat' dir='ltr'>sunt</span> 
     </span>
     <span class='ocr_line' id='line_1_14' title="bbox 171 1349 1021 1420; baseline -0.001 -13"><span class='ocrx_word' id='word_1_105' title='bbox 171 1403 173 1407; x_wconf 79' lang='grc'>,</span> <span class='ocrx_word' id='word_1_106' title='bbox 226 1355 358 1419; x_wconf 76' lang='lat' dir='ltr'>inanima,</span> <span class='ocrx_word' id='word_1_107' title='bbox 370 1355 400 1406; x_wconf 90' lang='lat' dir='ltr'>ut</span> <span class='ocrx_word' id='word_1_108' title='bbox 416 1368 514 1415; x_wconf 85' lang='lat' dir='ltr'>aarum,</span> <span class='ocrx_word' id='word_1_109' title='bbox 528 1354 670 1420; x_wconf 88' lang='lat' dir='ltr'>argentum,</span> <span class='ocrx_word' id='word_1_110' title='bbox 682 1354 712 1403; x_wconf 91' lang='lat' dir='ltr'>ut</span> <span class='ocrx_word' id='word_1_111' title='bbox 728 1366 765 1413; x_wconf 89' lang='lat' dir='ltr'>ea,</span> <span class='ocrx_word' id='word_1_112' title='bbox 780 1367 835 1419; x_wconf 79' lang='lat' dir='ltr'>qua</span> <span class='ocrx_word' id='word_1_113' title='bbox 853 1349 1021 1420; x_wconf 87' lang='lat' dir='ltr'>gignunture</span> 
     </span>
     <span class='ocr_line' id='line_1_15' title="bbox 226 1425 1022 1498; baseline -0.001 -14"><span class='ocrx_word' id='word_1_114' title='bbox 226 1433 304 1496; x_wconf 82' lang='lat' dir='ltr'>terra,</span> <span class='ocrx_word' id='word_1_115' title='bbox 318 1431 349 1482; x_wconf 91' lang='lat' dir='ltr'>ut</span> <span class='ocrx_word' id='word_1_116' title='bbox 367 1427 416 1481; x_wconf 83' lang='lat' dir='ltr'>alia</span> <span class='ocrx_word' id='word_1_117' title='bbox 433 1426 533 1497; x_wconf 86' lang='lat' dir='ltr'>generis</span> <span class='ocrx_word' id='word_1_118' title='bbox 551 1426 681 1497; x_wconf 87' lang='lat' dir='ltr'>ejusdem:</span> <span class='ocrx_word' id='word_1_119' title='bbox 698 1425 793 1495; x_wconf 85' lang='lat' dir='ltr'>partim</span> <span class='ocrx_word' id='word_1_120' title='bbox 810 1429 949 1492; x_wconf 78' lang='lat' dir='ltr'>animalia,</span> <span class='ocrx_word' id='word_1_121' title='bbox 965 1446 1022 1498; x_wconf 79' lang='lat' dir='ltr'>quae</span> 
     </span>
     <span class='ocr_line' id='line_1_16' title="bbox 171 1502 1022 1574; baseline 0.002 -17"><span class='ocrx_word' id='word_1_122' title='bbox 171 1542 174 1557; x_wconf 52' lang='grc' dir='ltr'>ι</span> <span class='ocrx_word' id='word_1_123' title='bbox 226 1506 323 1567; x_wconf 86' lang='lat' dir='ltr'>habeut</span> <span class='ocrx_word' id='word_1_124' title='bbox 335 1522 396 1559; x_wconf 92' lang='lat' dir='ltr'>snos</span> <span class='ocrx_word' id='word_1_125' title='bbox 407 1504 518 1574; x_wconf 87' lang='lat' dir='ltr'>impetus</span> <span class='ocrx_word' id='word_1_126' title='bbox 533 1507 559 1557; x_wconf 91' lang='lat' dir='ltr'>et</span> <span class='ocrx_word' id='word_1_127' title='bbox 571 1521 657 1557; x_wconf 88' lang='lat' dir='ltr'>rerum</span> <span class='ocrx_word' id='word_1_128' title='bbox 669 1502 806 1573; x_wconf 88' lang='lat' dir='ltr'>appetitus.</span> <span class='ocrx_word' id='word_1_129' title='bbox 827 1503 923 1558; x_wconf 84' lang='lat' dir='ltr'>Eorum</span> <span class='ocrx_word' id='word_1_130' title='bbox 936 1511 1022 1559; x_wconf 88' lang='lat' dir='ltr'>autom</span> 
     </span>
     <span class='ocr_line' id='line_1_17' title="bbox 171 1579 1023 1650; baseline -0.001 -13"><span class='ocrx_word' id='word_1_131' title='bbox 171 1615 173 1647; x_wconf 82' lang='grc'>;</span> <span class='ocrx_word' id='word_1_132' title='bbox 227 1583 277 1637; x_wconf 85' lang='lat' dir='ltr'>alia</span> <span class='ocrx_word' id='word_1_133' title='bbox 293 1583 406 1636; x_wconf 74' lang='lat' dir='ltr'>rationis</span> <span class='ocrx_word' id='word_1_134' title='bbox 423 1581 541 1650; x_wconf 66' lang='lat' dir='ltr'>exprme</span> <span class='ocrx_word' id='word_1_135' title='bbox 559 1583 628 1644; x_wconf 90' lang='lat' dir='ltr'>sunt,</span> <span class='ocrx_word' id='word_1_136' title='bbox 646 1579 696 1633; x_wconf 85' lang='lat' dir='ltr'>alia</span> <span class='ocrx_word' id='word_1_137' title='bbox 711 1582 809 1633; x_wconf 80' lang='lat' dir='ltr'>ratione</span> <span class='ocrx_word' id='word_1_138' title='bbox 826 1584 934 1636; x_wconf 69' lang='lat' dir='ltr'>ozerroa.</span> <span class='ocrx_word' id='word_1_139' title='bbox 970 1583 1023 1636; x_wconf 81' lang='lat' dir='ltr'>Ex-</span> 
     </span>
    </p>
   </div>
   <div class='ocr_carea' id='block_1_3' title="bbox 171 1655 1026 2032">
    <p class='ocr_par' dir='ltr' id='par_1_3' title="bbox 171 1655 1026 2032">
     <span class='ocr_line' id='line_1_18' title="bbox 171 1655 1023 1730; baseline -0.001 -17"><span class='ocrx_word' id='word_1_140' title='bbox 171 1692 174 1721; x_wconf 63' lang='lat'>,</span> <span class='ocrx_word' id='word_1_141' title='bbox 226 1663 314 1730; x_wconf 86' lang='lat' dir='ltr'>pertes</span> <span class='ocrx_word' id='word_1_142' title='bbox 326 1656 432 1712; x_wconf 88' lang='lat' dir='ltr'>rationis</span> <span class='ocrx_word' id='word_1_143' title='bbox 448 1655 514 1726; x_wconf 87' lang='lat' dir='ltr'>equi,</span> <span class='ocrx_word' id='word_1_144' title='bbox 528 1656 614 1720; x_wconf 86' lang='lat' dir='ltr'>boves,</span> <span class='ocrx_word' id='word_1_145' title='bbox 627 1655 731 1726; x_wconf 70' lang='lat' dir='ltr'>relique</span> <span class='ocrx_word' id='word_1_146' title='bbox 747 1656 865 1727; x_wconf 88' lang='lat' dir='ltr'>pecudes,</span> <span class='ocrx_word' id='word_1_147' title='bbox 879 1675 947 1728; x_wconf 85' lang='lat' dir='ltr'>apes,</span> <span class='ocrx_word' id='word_1_148' title='bbox 961 1676 1023 1727; x_wconf 89' lang='lat' dir='ltr'>qua·</span> 
     </span>
     <span class='ocr_line' id='line_1_19' title="bbox 171 1731 1023 1805; baseline 0 -16"><span class='ocrx_word' id='word_1_149' title='bbox 171 1753 173 1801; x_wconf 67' lang='grc' dir='ltr'>ζ</span> <span class='ocrx_word' id='word_1_150' title='bbox 226 1754 286 1790; x_wconf 90' lang='lat' dir='ltr'>rum</span> <span class='ocrx_word' id='word_1_151' title='bbox 307 1752 384 1805; x_wconf 86' lang='lat' dir='ltr'>opere</span> <span class='ocrx_word' id='word_1_152' title='bbox 404 1733 513 1787; x_wconf 90' lang='lat' dir='ltr'>efficitur</span> <span class='ocrx_word' id='word_1_153' title='bbox 532 1731 628 1802; x_wconf 88' lang='lat' dir='ltr'>aliquid</span> <span class='ocrx_word' id='word_1_154' title='bbox 648 1731 681 1787; x_wconf 93' lang='lat' dir='ltr'>ad</span> <span class='ocrx_word' id='word_1_155' title='bbox 699 1751 775 1786; x_wconf 90' lang='lat' dir='ltr'>usum</span> <span class='ocrx_word' id='word_1_156' title='bbox 794 1733 924 1788; x_wconf 87' lang='lat' dir='ltr'>hominum</span> <span class='ocrx_word' id='word_1_157' title='bbox 945 1739 1023 1804; x_wconf 85' lang='lat' dir='ltr'>atque</span> 
     </span>
     <span class='ocr_line' id='line_1_20' title="bbox 171 1808 1022 1880; baseline 0.001 -16"><span class='ocrx_word' id='word_1_158' title='bbox 171 1860 172 1864; x_wconf 72' lang='grc'>,</span> <span class='ocrx_word' id='word_1_159' title='bbox 226 1813 317 1868; x_wconf 83' lang='lat' dir='ltr'>vitam.</span> <span class='ocrx_word' id='word_1_160' title='bbox 353 1809 464 1864; x_wconf 76' lang='lat' dir='ltr'>Ratione</span> <span class='ocrx_word' id='word_1_161' title='bbox 482 1814 568 1863; x_wconf 89' lang='lat' dir='ltr'>autern</span> <span class='ocrx_word' id='word_1_162' title='bbox 584 1809 714 1864; x_wconf 86' lang='lat' dir='ltr'>utentium</span> <span class='ocrx_word' id='word_1_163' title='bbox 731 1808 782 1863; x_wconf 86' lang='lat' dir='ltr'>duo</span> <span class='ocrx_word' id='word_1_164' title='bbox 799 1827 894 1879; x_wconf 84' lang='lat' dir='ltr'>genera</span> <span class='ocrx_word' id='word_1_165' title='bbox 908 1816 1022 1880; x_wconf 83' lang='lat' dir='ltr'>ponunt:</span> 
     </span>
     <span class='ocr_line' id='line_1_21' title="bbox 226 1885 1024 1957; baseline -0.003 -14"><span class='ocrx_word' id='word_1_166' title='bbox 226 1890 328 1943; x_wconf 80' lang='lat' dir='ltr'>deorum</span> <span class='ocrx_word' id='word_1_167' title='bbox 339 1905 428 1952; x_wconf 88' lang='lat' dir='ltr'>unum,</span> <span class='ocrx_word' id='word_1_168' title='bbox 441 1885 548 1941; x_wconf 87' lang='lat' dir='ltr'>alterurn</span> <span class='ocrx_word' id='word_1_169' title='bbox 561 1887 702 1941; x_wconf 76' lang='lat' dir='ltr'>lominum.</span> <span class='ocrx_word' id='word_1_170' title='bbox 738 1886 804 1939; x_wconf 81' lang='lat' dir='ltr'>Deos</span> <span class='ocrx_word' id='word_1_171' title='bbox 816 1886 930 1956; x_wconf 86' lang='lat' dir='ltr'>placatos</span> <span class='ocrx_word' id='word_1_172' title='bbox 942 1888 1024 1957; x_wconf 87' lang='lat' dir='ltr'>pietas</span> 
     </span>
     <span class='ocr_line' id='line_1_22' title="bbox 227 1963 1026 2032; baseline -0.005 -12"><span class='ocrx_word' id='word_1_173' title='bbox 227 1965 321 2021; x_wconf 87' lang='lat' dir='ltr'>efficiet</span> <span class='ocrx_word' id='word_1_174' title='bbox 339 1967 366 2019; x_wconf 87' lang='lat' dir='ltr'>et</span> <span class='ocrx_word' id='word_1_175' title='bbox 383 1963 524 2018; x_wconf 88' lang='lat' dir='ltr'>sanctitas:</span> <span class='ocrx_word' id='word_1_176' title='bbox 538 1966 756 2032; x_wconf 74' lang='lat' dir='ltr'>proximantem</span> <span class='ocrx_word' id='word_1_177' title='bbox 770 1972 797 2016; x_wconf 82' lang='lat' dir='ltr'>ct</span> <span class='ocrx_word' id='word_1_178' title='bbox 809 1963 950 2016; x_wconf 69' lang='lat' dir='ltr'>amandum</span> <span class='ocrx_word' id='word_1_179' title='bbox 967 1964 1026 2016; x_wconf 78' lang='lat' dir='ltr'>deos</span> 
     </span>
    </p>
   </div>
   <div class='ocr_carea' id='block_1_4' title="bbox 171 2039 1069 2872">
    <p class='ocr_par' dir='ltr' id='par_1_4' title="bbox 171 2039 1069 2872">
     <span class='ocr_line' id='line_1_23' title="bbox 227 2039 1065 2106; baseline 0 -10"><span class='ocrx_word' id='word_1_180' title='bbox 227 2043 343 2096; x_wconf 75' lang='lat' dir='ltr'>hormines</span> <span class='ocrx_word' id='word_1_181' title='bbox 354 2039 495 2094; x_wconf 70' lang='lat' dir='ltr'>luminibus</span> <span class='ocrx_word' id='word_1_182' title='bbox 505 2041 616 2093; x_wconf 72' lang='lat' dir='ltr'>maxime</span> <span class='ocrx_word' id='word_1_183' title='bbox 628 2040 704 2093; x_wconf 80' lang='lat' dir='ltr'>utilas</span> <span class='ocrx_word' id='word_1_184' title='bbox 715 2056 765 2092; x_wconf 80' lang='lat' dir='ltr'>ease</span> <span class='ocrx_word' id='word_1_185' title='bbox 772 2047 886 2106; x_wconf 64' lang='lat' dir='ltr'>mcum.</span> <span class='ocrx_word' id='word_1_186' title='bbox 899 2063 903 2070; x_wconf 87' lang='lat'>·</span> <span class='ocrx_word' id='word_1_187' title='bbox 918 2040 1024 2092; x_wconf 84' lang='lat' dir='ltr'>Earum·</span> <span class='ocrx_word' id='word_1_188' title='bbox 1036 2051 1065 2096; x_wconf 79' lang='lat'>12</span> 
     </span>
     <span class='ocr_line' id='line_1_24' title="bbox 227 2115 1024 2189; baseline -0.003 -16"><span class='ocrx_word' id='word_1_189' title='bbox 227 2137 280 2189; x_wconf 92' lang='lat' dir='ltr'>que</span> <span class='ocrx_word' id='word_1_190' title='bbox 299 2134 391 2182; x_wconf 79' lang='lat' dir='ltr'>rerum,</span> <span class='ocrx_word' id='word_1_191' title='bbox 410 2134 467 2187; x_wconf 84' lang='lat' dir='ltr'>quus</span> <span class='ocrx_word' id='word_1_192' title='bbox 485 2125 593 2169; x_wconf 72' lang='lat' dir='ltr'>moenai</span> <span class='ocrx_word' id='word_1_193' title='bbox 609 2125 632 2168; x_wconf 78' lang='lat' dir='ltr'>et</span> <span class='ocrx_word' id='word_1_194' title='bbox 652 2115 741 2181; x_wconf 65' lang='lat' dir='ltr'>meiat,</span> <span class='ocrx_word' id='word_1_195' title='bbox 759 2115 846 2169; x_wconf 85' lang='lat' dir='ltr'>eadem</span> <span class='ocrx_word' id='word_1_196' title='bbox 865 2115 956 2170; x_wconf 89' lang='lat' dir='ltr'>divisio</span> <span class='ocrx_word' id='word_1_197' title='bbox 977 2127 1024 2171; x_wconf 89' lang='lat' dir='ltr'>est.</span> 
     </span>
     <span class='ocr_line' id='line_1_25' title="bbox 228 2191 1026 2264; baseline -0.003 -15"><span class='ocrx_word' id='word_1_198' title='bbox 228 2193 282 2250; x_wconf 80' lang='lat' dir='ltr'>Sed</span> <span class='ocrx_word' id='word_1_199' title='bbox 294 2194 355 2264; x_wconf 89' lang='lat' dir='ltr'>quia</span> <span class='ocrx_word' id='word_1_200' title='bbox 365 2192 427 2248; x_wconf 88' lang='lat' dir='ltr'>deos</span> <span class='ocrx_word' id='word_1_201' title='bbox 442 2209 534 2246; x_wconf 89' lang='lat' dir='ltr'>nocere</span> <span class='ocrx_word' id='word_1_202' title='bbox 545 2210 598 2246; x_wconf 91' lang='lat' dir='ltr'>non</span> <span class='ocrx_word' id='word_1_203' title='bbox 609 2195 709 2262; x_wconf 82' lang='lat' dir='ltr'>putant,</span> <span class='ocrx_word' id='word_1_204' title='bbox 723 2191 763 2246; x_wconf 89' lang='lat' dir='ltr'>his</span> <span class='ocrx_word' id='word_1_205' title='bbox 778 2193 901 2263; x_wconf 87' lang='lat' dir='ltr'>exceptis,</span> <span class='ocrx_word' id='word_1_206' title='bbox 915 2194 1026 2248; x_wconf 78' lang='lat' dir='ltr'>tornines</span> 
     </span>
     <span class='ocr_line' id='line_1_26' title="bbox 227 2269 1026 2341; baseline -0.001 -14"><span class='ocrx_word' id='word_1_207' title='bbox 227 2270 380 2327; x_wconf 73' lang='lat' dir='ltr'>homiuibus</span> <span class='ocrx_word' id='word_1_208' title='bbox 391 2269 470 2323; x_wconf 77' lang='lat' dir='ltr'>obesse</span> <span class='ocrx_word' id='word_1_209' title='bbox 477 2271 621 2338; x_wconf 79' lang='lat' dir='ltr'>plurimum</span> <span class='ocrx_word' id='word_1_210' title='bbox 634 2269 798 2323; x_wconf 86' lang='lat' dir='ltr'>arbitrantur.</span> <span class='ocrx_word' id='word_1_211' title='bbox 834 2270 873 2325; x_wconf 78' lang='lat' dir='ltr'>na</span> <span class='ocrx_word' id='word_1_212' title='bbox 884 2273 950 2326; x_wconf 88' lang='lat' dir='ltr'>enim</span> <span class='ocrx_word' id='word_1_213' title='bbox 963 2271 1026 2341; x_wconf 83' lang='lat' dir='ltr'>ipsa,</span> 
     </span>
     <span class='ocr_line' id='line_1_27' title="bbox 227 2344 1026 2420; baseline -0.001 -18"><span class='ocrx_word' id='word_1_214' title='bbox 227 2367 287 2420; x_wconf 78' lang='lat' dir='ltr'>quae</span> <span class='ocrx_word' id='word_1_215' title='bbox 304 2346 416 2403; x_wconf 83' lang='lat' dir='ltr'>inanima</span> <span class='ocrx_word' id='word_1_216' title='bbox 435 2345 552 2409; x_wconf 79' lang='lat' dir='ltr'>diximus,</span> <span class='ocrx_word' id='word_1_217' title='bbox 571 2344 691 2415; x_wconf 84' lang='lat' dir='ltr'>pleraque</span> <span class='ocrx_word' id='word_1_218' title='bbox 710 2350 770 2400; x_wconf 90' lang='lat' dir='ltr'>sunt</span> <span class='ocrx_word' id='word_1_219' title='bbox 791 2346 920 2402; x_wconf 90' lang='lat' dir='ltr'>homiuum</span> <span class='ocrx_word' id='word_1_220' title='bbox 942 2349 1026 2419; x_wconf 86' lang='lat' dir='ltr'>operis</span> 
     </span>
     <span class='ocr_line' id='line_1_28' title="bbox 171 2420 1027 2493; baseline -0.002 -13"><span class='ocrx_word' id='word_1_221' title='bbox 171 2466 173 2487; x_wconf 83' lang='lat'>,</span> <span class='ocrx_word' id='word_1_222' title='bbox 227 2425 329 2486; x_wconf 85' lang='lat' dir='ltr'>effecta,</span> <span class='ocrx_word' id='word_1_223' title='bbox 344 2441 400 2493; x_wconf 85' lang='lat' dir='ltr'>quae</span> <span class='ocrx_word' id='word_1_224' title='bbox 416 2439 463 2477; x_wconf 90' lang='lat' dir='ltr'>nec</span> <span class='ocrx_word' id='word_1_225' title='bbox 474 2420 633 2486; x_wconf 78' lang='lat' dir='ltr'>haberemus,</span> <span class='ocrx_word' id='word_1_226' title='bbox 645 2422 695 2476; x_wconf 89' lang='lat' dir='ltr'>nisi</span> <span class='ocrx_word' id='word_1_227' title='bbox 707 2440 797 2478; x_wconf 89' lang='lat' dir='ltr'>manus</span> <span class='ocrx_word' id='word_1_228' title='bbox 809 2427 836 2478; x_wconf 89' lang='lat' dir='ltr'>et</span> <span class='ocrx_word' id='word_1_229' title='bbox 852 2440 893 2479; x_wconf 89' lang='lat' dir='ltr'>ars</span> <span class='ocrx_word' id='word_1_230' title='bbox 910 2425 1027 2479; x_wconf 87' lang='lat' dir='ltr'>accessis·</span> 
     </span>
     <span class='ocr_line' id='line_1_29' title="bbox 229 2497 1027 2565; baseline -0.004 -9"><span class='ocrx_word' id='word_1_231' title='bbox 229 2506 280 2565; x_wconf 88' lang='lat' dir='ltr'>set,</span> <span class='ocrx_word' id='word_1_232' title='bbox 301 2517 350 2555; x_wconf 88' lang='lat' dir='ltr'>neo</span> <span class='ocrx_word' id='word_1_233' title='bbox 369 2499 401 2553; x_wconf 91' lang='lat' dir='ltr'>iis</span> <span class='ocrx_word' id='word_1_234' title='bbox 423 2498 477 2553; x_wconf 88' lang='lat' dir='ltr'>sine</span> <span class='ocrx_word' id='word_1_235' title='bbox 498 2497 627 2552; x_wconf 87' lang='lat' dir='ltr'>hominum</span> <span class='ocrx_word' id='word_1_236' title='bbox 650 2497 869 2554; x_wconf 82' lang='lat' dir='ltr'>administratione</span> <span class='ocrx_word' id='word_1_237' title='bbox 889 2505 1027 2555; x_wconf 84' lang='lat' dir='ltr'>uteremur.</span> 
     </span>
     <span class='ocr_line' id='line_1_30' title="bbox 229 2573 1029 2648; baseline -0.004 -15"><span class='ocrx_word' id='word_1_238' title='bbox 229 2579 325 2648; x_wconf 88' lang='lat' dir='ltr'>Neque</span> <span class='ocrx_word' id='word_1_239' title='bbox 337 2576 403 2630; x_wconf 84' lang='lat' dir='ltr'>enirn</span> <span class='ocrx_word' id='word_1_240' title='bbox 416 2573 569 2629; x_wconf 86' lang='lat' dir='ltr'>valetudinis</span> <span class='ocrx_word' id='word_1_241' title='bbox 582 2574 688 2639; x_wconf 88' lang='lat' dir='ltr'>curatio,</span> <span class='ocrx_word' id='word_1_242' title='bbox 702 2594 784 2645; x_wconf 90' lang='lat' dir='ltr'>neque</span> <span class='ocrx_word' id='word_1_243' title='bbox 796 2575 933 2646; x_wconf 82' lang='lat' dir='ltr'>navigatio,</span> <span class='ocrx_word' id='word_1_244' title='bbox 945 2593 1029 2646; x_wconf 85' lang='lat' dir='ltr'>neque</span> 
     </span>
     <span class='ocr_line' id='line_1_31' title="bbox 229 2651 1029 2725; baseline -0.005 -17"><span class='ocrx_word' id='word_1_245' title='bbox 229 2653 396 2725; x_wconf 79' lang='lat' dir='ltr'>agricultura,</span> <span class='ocrx_word' id='word_1_246' title='bbox 404 2669 487 2721; x_wconf 88' lang='lat' dir='ltr'>neque</span> <span class='ocrx_word' id='word_1_247' title='bbox 499 2651 603 2721; x_wconf 82' lang='lat' dir='ltr'>frugum</span> <span class='ocrx_word' id='word_1_248' title='bbox 615 2651 796 2722; x_wconf 84' lang='lat' dir='ltr'>fructuumque</span> <span class='ocrx_word' id='word_1_249' title='bbox 805 2651 960 2720; x_wconf 90' lang='lat' dir='ltr'>reliquorum</span> <span class='ocrx_word' id='word_1_250' title='bbox 972 2669 1029 2721; x_wconf 89' lang='lat' dir='ltr'>per-</span> 
     </span>
     <span class='ocr_line' id='line_1_32' title="bbox 229 2727 1029 2802; baseline -0.006 -16"><span class='ocrx_word' id='word_1_251' title='bbox 229 2731 316 2802; x_wconf 88' lang='lat' dir='ltr'>ceptio</span> <span class='ocrx_word' id='word_1_252' title='bbox 329 2732 356 2784; x_wconf 87' lang='lat' dir='ltr'>et</span> <span class='ocrx_word' id='word_1_253' title='bbox 368 2727 528 2783; x_wconf 86' lang='lat' dir='ltr'>conservatio</span> <span class='ocrx_word' id='word_1_254' title='bbox 547 2727 601 2780; x_wconf 89' lang='lat' dir='ltr'>sine</span> <span class='ocrx_word' id='word_1_255' title='bbox 616 2727 745 2781; x_wconf 90' lang='lat' dir='ltr'>hominum</span> <span class='ocrx_word' id='word_1_256' title='bbox 759 2746 836 2797; x_wconf 89' lang='lat' dir='ltr'>opera</span> <span class='ocrx_word' id='word_1_257' title='bbox 847 2728 900 2780; x_wconf 91' lang='lat' dir='ltr'>ulla</span> <span class='ocrx_word' id='word_1_258' title='bbox 915 2746 970 2781; x_wconf 86' lang='lat' dir='ltr'>esse</span> <span class='ocrx_word' id='word_1_259' title='bbox 986 2745 1029 2797; x_wconf 91' lang='lat' dir='ltr'>po-</span> 
     </span>
     <span class='ocr_line' id='line_1_33' title="bbox 230 2803 1069 2872; baseline -0.006 -9"><span class='ocrx_word' id='word_1_260' title='bbox 230 2808 334 2863; x_wconf 87' lang='lat' dir='ltr'>tuisset.</span> <span class='ocrx_word' id='word_1_261' title='bbox 371 2805 429 2858; x_wconf 88' lang='lat' dir='ltr'>Jarn</span> <span class='ocrx_word' id='word_1_262' title='bbox 444 2821 505 2858; x_wconf 84' lang='lat' dir='ltr'>vero</span> <span class='ocrx_word' id='word_1_263' title='bbox 524 2808 550 2858; x_wconf 90' lang='lat' dir='ltr'>et</span> <span class='ocrx_word' id='word_1_264' title='bbox 569 2821 761 2870; x_wconf 76' lang='lat' dir='ltr'>rerumrerum,</span> <span class='ocrx_word' id='word_1_265' title='bbox 778 2804 871 2872; x_wconf 88' lang='lat' dir='ltr'>quibus</span> <span class='ocrx_word' id='word_1_266' title='bbox 889 2803 1069 2866; x_wconf 79' lang='lat' dir='ltr'>abundare-13</span> 
     </span>
    </p>
   </div>
   <div class='ocr_carea' id='block_1_5' title="bbox 231 2879 1030 3002">
    <p class='ocr_par' dir='ltr' id='par_1_5' title="bbox 231 2879 1030 3002">
     <span class='ocr_line' id='line_1_34' title="bbox 231 2879 1030 2952; baseline -0.006 -12"><span class='ocrx_word' id='word_1_267' title='bbox 231 2903 297 2950; x_wconf 89' lang='lat' dir='ltr'>mus,</span> <span class='ocrx_word' id='word_1_268' title='bbox 316 2880 469 2952; x_wconf 81' lang='lat' dir='ltr'>exportatio,</span> <span class='ocrx_word' id='word_1_269' title='bbox 489 2883 517 2935; x_wconf 91' lang='lat' dir='ltr'>et</span> <span class='ocrx_word' id='word_1_270' title='bbox 534 2898 630 2944; x_wconf 89' lang='lat' dir='ltr'>earnm,</span> <span class='ocrx_word' id='word_1_271' title='bbox 649 2879 741 2951; x_wconf 89' lang='lat' dir='ltr'>quibus</span> <span class='ocrx_word' id='word_1_272' title='bbox 760 2898 901 2950; x_wconf 85' lang='lat' dir='ltr'>egeremus,</span> <span class='ocrx_word' id='word_1_273' title='bbox 919 2880 1030 2936; x_wconf 86' lang='lat' dir='ltr'>invectio</span> 
     </span>
     <span class='ocr_line' id='line_1_35' title="bbox 621 2970 638 3002; baseline 0 0"><span class='ocrx_word' id='word_1_274' title='bbox 621 2970 638 3002; x_wconf 73' lang='lat' dir='ltr'><strong>P</strong></span> 
     </span>
    </p>
   </div>
   <div class='ocr_carea' id='block_1_6' title="bbox 0 0 1298 3367">
    <p class='ocr_par' dir='ltr' id='par_1_6' title="bbox 0 0 1298 3367">
     <span class='ocr_line' id='line_1_36' title="bbox 0 0 1298 3367; baseline 0 0"><span class='ocrx_word' id='word_1_275' title='bbox 0 0 1298 3367; x_wconf 95' lang='lat' dir='ltr'> </span> 
     </span>
    </p>
   </div>
  </div>
 </body>
</html>
