2575 3367
275 312 307 358 48
600 308 739 357 LAELIUS

274 420 351 475 etiam
370 419 519 491 diligamus:
538 421 601 489 quid
618 422 719 485 mirum,
733 421 755 474 si
772 419 849 473 animi
868 420 1000 474 homiuum
1020 439 1063 475 mo

274 502 389 560 veantur,
406 515 486 566 quum
507 515 603 561 eorum,
615 498 766 566 quibuscum
789 515 838 549 usu
861 497 994 566 conjuncti
1014 516 1063 551 essr

274 577 390 641 possunt,
409 575 530 626 virtutem
549 577 579 627 et'
592 572 731 627 bonitatem
751 572 893 641 perspicere
915 572 1063 626 videanturi

276 649 433 718 Quamquam
458 649 620 704 confirmatur
641 666 711 702 amor
729 653 755 702 et
774 647 896 702 beneficio
918 654 1024 717 accepto
1042 655 1064 702 et

274 725 360 779 studio
378 730 510 795 perspecto
526 731 552 779 ct
565 725 748 780 consuetudine
765 724 903 794 adjuncta;
922 724 1017 793 quibus
1029 743 1063 778 re·

274 800 321 854 bus
335 801 366 855 ad
383 801 452 855 illum
466 801 574 869 primum
587 806 683 856 motum
697 800 772 854 animi
789 808 815 854 et
828 801 921 855 amoris
939 800 1063 866 adhibitis

273 875 425 930 admirabilis
435 876 548 944 quaedam
562 877 703 930 exardescit
715 875 896 930 benevolentia
910 877 1063 946 magnitude

274 953 353 1015 Quam
364 953 385 1006 si
399 952 441 1020 qui
455 957 547 1021 putant
557 952 588 1007 ab
598 953 771 1007 imbecillitate
783 952 915 1020 proficisci,
926 961 956 1005 ut
969 955 1011 1016 sit,
1023 971 1063 1022 per

272 1045 346 1095 quem
369 1029 476 1098 quisque
500 1033 659 1098 assequatur,
681 1027 749 1097 quod
772 1027 914 1093 desideret,
945 1029 1063 1082 humilem

272 1122 332 1157 sane
353 1105 500 1173 relinquunt
522 1110 548 1158 et
569 1105 672 1158 minime
692 1121 851 1174 generosum,
868 1110 899 1156 ut
921 1105 958 1157 ita
976 1104 1062 1168 dicam,

268 1185 355 1233 ortum
369 1181 492 1245 amicitiae,
506 1199 580 1249 quam
594 1199 625 1234 ex
637 1180 722 1249 inopia
734 1185 811 1248 atque
825 1178 967 1248 indigentia
979 1186 1062 1234 natam

272 1255 368 1310 volunt.
407 1255 480 1321 Quod
497 1256 519 1310 si
531 1256 568 1310 ita
580 1263 664 1310 esset:
683 1255 833 1324 utquisque
846 1255 979 1308 minimum
992 1256 1019 1310 iu
1037 1274 1062 1310 se

272 1351 326 1386 esse
348 1331 521 1397 arbitraretur,
543 1332 580 1385 ita
604 1331 635 1385 ad
657 1331 791 1384 amicitiam
813 1341 881 1382 esset
900 1331 1061 1398 aptissimus:

231 1426 263 1468 30
272 1408 337 1476 quod
352 1409 426 1479 louge
441 1427 514 1462 secus
527 1415 573 1461 est.
612 1408 650 1461 Ut
662 1408 729 1461 enim
742 1407 849 1474 quisque
861 1405 910 1459 sibi
927 1406 1062 1475 plurimum

270 1484 381 1549 conlidit,
396 1495 422 1538 et
438 1485 588 1552 utquisque
604 1483 713 1537 maxime
725 1483 821 1536 virtute
839 1486 866 1535 et
883 1483 1011 1551 sapientia
1027 1483 1062 1537 sic

270 1557 383 1612 munitus
403 1563 449 1622 est,
469 1565 499 1611 ut
520 1559 589 1612 nullo
607 1564 682 1628 egeat
700 1575 796 1626 suaque
814 1557 899 1610 omnia
916 1558 944 1610 in
962 1576 990 1611 se
1008 1559 1061 1628 ipso

270 1635 351 1702 posita
367 1633 478 1702 judicet:
498 1634 535 1686 ita
552 1634 578 1686 in
597 1634 714 1687 amicitiis
731 1632 879 1702 expetendis
900 1632 1061 1702 colendisque

269 1709 376 1762 maxime
389 1709 496 1762 excellit.
531 1709 597 1773 Quid
609 1709 696 1763 enim?
714 1709 850 1762 Africanus
862 1707 981 1778 indigens
994 1709 1059 1762 mei?

269 1785 376 1840 Minime
394 1786 492 1841 hercle!
522 1804 551 1839 ac
567 1805 598 1840 ue
614 1804 663 1856 ego
676 1785 777 1854 quidem
794 1783 876 1838 illius:
897 1784 941 1837 sed
958 1802 1007 1854 ego
1019 1783 1060 1838 ad·

269 1863 401 1917 miratione
419 1863 526 1933 quadam
543 1863 647 1916 virtutis
666 1864 729 1932 ejuS,
749 1861 791 1914 ille
812 1860 921 1914 vicissim
943 1861 1059 1931 opinione

268 1939 376 1994 fortasse
394 1937 520 2002 nonnulla,
539 1957 612 2008 quarn
632 1939 664 1992 de
681 1938 743 1992 meis
762 1937 872 1992 moribus
891 1937 1008 2002 habebat,
1021 1954 1058 1991 rue

268 2015 371 2082 dilexit;
396 2017 467 2070 auxit
484 2015 682 2071 benevolentiam
702 2013 865 2069 consuetudo.
904 2014 955 2068 Sed
976 2033 1058 2086 quam·

260 2111 341 2162 ,quam
360 2093 484 2146 utilitates
502 2093 587 2146 multae
605 2099 631 2146 et
650 2110 747 2161 magna
764 2094 907 2146 consecute
923 2096 993 2152 sunt,
1010 2106 1059 2143 uon

268 2176 328 2221 suut
350 2174 436 2222 tamen
459 2168 490 2223 ab
509 2186 594 2221 earum
614 2186 660 2238 spe
684 2186 765 2222 cause
789 2165 909 2236 diligendi
930 2167 1057 2235 profectur.

229 2257 257 2301 al
268 2244 305 2296 Ut
323 2245 388 2297 euim
407 2244 510 2298 benefici
525 2243 689 2314 liberalesque
705 2261 800 2306 sumus,
814 2260 864 2295 nou
881 2249 910 2294 ut
929 2242 1057 2312 exigamus

266 2320 380 2388 gratiam,
405 2321 582 2389 (nequeenim
604 2320 753 2374 beneficium
778 2320 929 2381 feneramur,
952 2317 998 2371 sed
1017 2335 1058 2371 ua-

266 2402 324 2449 tura
343 2396 461 2465 propensi
482 2396 513 2448 ad
532 2397 707 2450 liberalitatem
729 2403 844 2459 sumus:)
867 2396 904 2447 sic
924 2394 1057 2448 amicitiam

265 2491 317 2526 nou
329 2491 373 2541 spe
386 2470 507 2525 mercedis
524 2473 634 2536 adducti,
649 2473 692 2526 sed
709 2471 776 2542 quod
792 2470 873 2524 omnis
887 2474 943 2539 ejus
962 2472 1057 2525 fructus

226 2550 292 2606 bain
310 2550 364 2619 ipso
379 2567 463 2603 amore
481 2550 555 2612 inest,
575 2549 741 2618 expetendam
761 2557 887 2618 putamus.
925 2550 961 2601 At
978 2548 1003 2612 ii,
1016 2546 1057 2616 qui

266 2627 389 2695 pecudum
408 2628 461 2679 ritu
476 2626 506 2679 ad
520 2625 675 2695 voluptatem
689 2626 772 2679 omnia
788 2626 910 2691 referunt,
923 2624 999 2695 longe
1011 2624 1057 2678 dis·

266 2702 395 2754 sentiunt:
414 2720 460 2755 nec
477 2702 576 2754 mirum.
614 2701 686 2753 Nihil
699 2703 764 2754 enim
777 2701 866 2764 altum,
883 2701 948 2755 nihil
964 2700 1057 2772 magui·

265 2779 340 2830 ticum
354 2789 391 2831 'ac
413 2777 525 2831 divinum
546 2776 675 2844 suspicere
696 2782 811 2847 possunt,
829 2777 873 2845 qui
892 2796 953 2831 suas
973 2794 1056 2832 omnes

264 2854 432 2923 cogitationes
450 2853 596 2923 abjecerunt
620 2851 718 2907 iurem
739 2857 791 2907 tam
811 2853 932 2907 humilem
957 2862 1056 2924 tamque
