2575 3367
470 321 541 371 LIB.
561 321 585 370 1.
597 324 672 372 CAP.
690 325 731 382 29,
747 326 786 372 30.
990 330 1022 379 89

226 433 304 497 mur)
324 433 453 505 appetitus
469 451 557 488 omues
574 432 760 488 contrahendos
776 432 951 506 sedandosque
966 453 1022 490 asse

226 510 437 580 excitandamque
454 511 696 565 animadversionem
714 516 741 564 et
758 510 923 580 diligentiam,
942 517 972 566 ut
990 530 1023 566 ne

226 586 287 657 quid
307 591 404 641 temere
423 605 453 642 ao
472 586 590 651 fortuitu,
609 586 795 641 inconsiderate
814 587 1022 659 negligenterque

226 680 340 733 agamus.
375 663 466 734 Neque
478 664 543 718 enim
561 664 598 717 ita
616 664 732 733 generati
752 668 870 718 anatura
882 682 978 725 sumus.
992 670 1022 718 ut

226 738 257 792 ad
269 738 359 793 ludum
371 744 398 794 et
412 742 498 808 jocum
511 739 641 794 factiosae
658 738 795 803 videamur,
809 739 842 793 ad
859 740 1022 794 severitatem

226 815 321 884 potius,
342 815 421 870 etad
440 815 555 886 quaedam
575 815 662 870 studia
681 815 797 885 graviora
818 820 895 888 atqua
917 820 1019 886 majora

227 891 304 946 liudo
322 896 453 946 autemst
470 896 531 962 joco
548 893 588 946 uti
605 891 649 946 illo
666 891 768 962 quidem
786 892 857 958 licet3
882 893 934 957 sed,
954 894 1021 949 sicut

228 985 316 1023 somno
325 973 352 1024 et
361 968 490 1040 quietibus
499 968 599 1032 ceteris,
608 972 673 1033 tum,
684 985 762 1038 quum
770 968 890 1038 gravibus
899 971 1022 1042 seriisque

227 1044 304 1099 rebus
325 1045 531 1100 satisfecerimus.
580 1046 719 1116 Ipsumque
743 1064 824 1116 genua
844 1046 947 1115 jocandi
971 1065 1023 1102 uon

227 1122 361 1191 profusum
381 1141 427 1178 neo
443 1121 627 1186 immodestum,
647 1121 693 1176 aad
710 1121 848 1191 ingenuum
866 1134 892 1177 et
911 1125 1022 1180 facetum

227 1215 284 1252 esse
296 1197 381 1253 debet.
416 1201 453 1252 Ut
465 1199 531 1253 enim
545 1199 630 1270 pueris
647 1215 698 1252 non
714 1216 815 1253 omnem
833 1198 934 1253 ludendi
948 1200 1022 1254 lieen-

227 1274 289 1328 tiam
307 1273 404 1339 damus,
417 1273 463 1329 sed
481 1292 543 1341 eam,
556 1293 613 1345 qua
630 1273 662 1329 ab
679 1274 794 1328 honestis
812 1275 953 1330 actionibus
972 1295 1023 1330 non

227 1350 261 1405 sit
273 1350 370 1405 aliena:
389 1351 426 1406 sio
437 1351 465 1405 in
476 1351 531 1421 ipso
541 1350 599 1421 joco
617 1349 719 1420 aliquod
731 1350 804 1418 probi
823 1351 920 1421 ingenii
937 1351 1023 1406 lumen

228 1427 336 1483 eluceat.
371 1427 473 1498 Duplex
485 1430 525 1482 est
537 1426 638 1481 ommno
646 1425 750 1495 jocandi
762 1445 860 1496 genus:
884 1446 961 1482 uuum
975 1429 1081 1490 illi-104

229 1502 320 1568 barole,
339 1503 464 1573 petulans,
484 1503 648 1574 flagitiosum,
667 1501 819 1569 obscenum3
847 1503 955 1559 alterum
972 1505 1023 1560 ele-

229 1597 300 1650 gans,
312 1580 445 1645 urbanum‚
458 1579 625 1650 ingeniosum,
638 1578 758 1634 facetum.
795 1581 852 1645 Quo
868 1600 960 1652 genere
972 1601 1023 1638 uon

229 1655 305 1711 modo
323 1656 432 1711 Plautus
451 1659 538 1711 noster
558 1658 586 1710 et
608 1655 752 1709 Atticorum
771 1657 876 1728 amiqua
892 1659 1022 1722 ccmoedia,

229 1732 358 1788 sedetiam
369 1732 574 1803 philosophorum
584 1731 769 1786 Socraticorum
781 1732 839 1787 libri
847 1733 935 1789 referti
944 1741 1021 1802 sunt3

228 1809 360 1879 multaque
379 1808 517 1862 multorum
534 1807 617 1862 faceta
637 1805 722 1862 diota:
746 1812 777 1863 ut
797 1827 834 1874 ea,
853 1828 910 1880 qua
929 1828 945 1865 a
962 1830 1021 1866 sene

229 1885 326 1939 Catone
337 1884 443 1940 coheota
458 1887 526 1948 sunt,
540 1902 596 1955 quae
613 1887 705 1938 vocant
717 1887 896 1950 tropeum.
930 1886 1022 1942 Facilis

229 1966 270 2016 est
292 1961 371 2031 igitur
391 1960 521 2016 distinctio
541 1959 647 2031 ingenui
665 1963 692 2015 et
710 1959 838 2015 illiberalis
852 1961 913 2030 joci.
948 1963 1022 2018 Alter

229 2041 277 2102 est,
298 2039 321 2093 si
340 2042 454 2109 tempore
474 2038 511 2104 fit,
534 2036 638 2092 remisso
654 2037 756 2091 homine
776 2035 883 2106 dignus;
908 2037 973 2093 alter
989 2059 1022 2096 ne

229 2113 309 2168 libero
322 2114 431 2184 quidem,
445 2115 468 2170 si
479 2133 564 2170 rerum
576 2113 729 2184 turpitudini
741 2112 876 2167 adhibetur
888 2114 1020 2171 verborum

228 2190 381 2247 obscenitas.
417 2191 535 2247 Ludendi
547 2193 587 2246 est
601 2190 679 2245 etium
690 2189 792 2260 quidam
808 2190 897 2247 modus
914 2193 1022 2249 retinen·

229 2266 286 2334 dus,
298 2271 329 2321 ut
341 2286 373 2322 nc
385 2269 459 2323 nimis
472 2269 556 2323 omnia
567 2266 756 2338 profundamus,
770 2268 879 2340 elatique
891 2271 1022 2344 voluptate

224 2344 256 2399 in
269 2344 379 2416 aliquam
395 2345 579 2416 turpitudinem
599 2343 751 2399 delabamur.
794 2347 962 2418 Suppeditant
979 2366 1023 2403 au·

224 2424 282 2476 tem
294 2430 322 2477 et
333 2439 438 2495 campus
449 2427 537 2480 noster
545 2423 573 2478 et
581 2419 667 2476 studia
675 2422 783 2477 renmdi
794 2423 901 2479 honesta
910 2425 1025 2496 exempla

227 2496 341 2553 ludendi.

264 2575 351 2630 XXX.
369 2576 420 2632 Sed
440 2575 553 2647 pertinet
576 2573 609 2629 ad
631 2590 731 2630 ornnem
755 2576 830 2631 officii
851 2577 1022 2648 quaestionum,
1035 2595 1080 2642 loo

228 2668 330 2723 semper
348 2652 376 2708 in
398 2656 518 2725 promptu
536 2651 636 2716 habere,
658 2656 781 2722 quantum
803 2658 896 2706 natura
915 2652 1024 2707 hominis

229 2729 371 2800 pecudibus
389 2730 544 2801 reliquisque
555 2727 637 2782 beluis
650 2729 790 2783 antecedat.
826 2728 881 2782 111ae
893 2727 954 2781 nihil
968 2746 1024 2782 sen-

227 2806 306 2871 tiunt,
317 2806 367 2861 nisi
381 2806 544 2876 voluptatem,
555 2803 587 2857 ad
596 2821 701 2874 eamque
710 2804 827 2857 feruntur
835 2803 904 2856 omni
911 2803 1023 2873 impetu;

227 2883 340 2940 hominis
352 2887 439 2938 autem
451 2901 522 2938 mens
540 2880 660 2936 discendo
672 2879 750 2934 alitur
763 2883 790 2932 et
804 2879 946 2944 cogitando.
960 2899 1025 2935 sem·
