<?xml version="1.0" encoding="UTF-8"?>
<!DOCTYPE html PUBLIC "-//W3C//DTD XHTML 1.0 Transitional//EN"
    "http://www.w3.org/TR/xhtml1/DTD/xhtml1-transitional.dtd">
<html xmlns="http://www.w3.org/1999/xhtml" xml:lang="en" lang="en">
 <head>
  <title>
</title>
<meta http-equiv="Content-Type" content="text/html;charset=utf-8" />
  <meta name='ocr-system' content='tesseract 3.04.00' />
  <meta name='ocr-capabilities' content='ocr_page ocr_carea ocr_par ocr_line ocrx_word'/>
</head>
<body>
  <div class='ocr_page' id='page_1' title='image "./mtulliuscicerod00cicegoog_0172.png"; bbox 0 0 2575 3367; ppageno 0'>
   <div class='ocr_carea' id='block_1_1' title="bbox 260 312 770 364">
    <p class='ocr_par' dir='ltr' id='par_1_1' title="bbox 260 312 770 364">
     <span class='ocr_line' id='line_1_1' title="bbox 260 312 770 364; baseline -0.01 0"><span class='ocrx_word' id='word_1_1' title='bbox 260 319 290 364; x_wconf 80' lang='lat'>20</span> <span class='ocrx_word' id='word_1_2' title='bbox 543 313 633 360; x_wconf 80' lang='lat' dir='ltr'>CATO</span> <span class='ocrx_word' id='word_1_3' title='bbox 650 312 770 360; x_wconf 74' lang='lat' dir='ltr'>Maron</span> 
     </span>
    </p>
   </div>
   <div class='ocr_carea' id='block_1_2' title="bbox 222 422 1036 2924">
    <p class='ocr_par' dir='ltr' id='par_1_2' title="bbox 222 422 1036 2924">
     <span class='ocr_line' id='line_1_2' title="bbox 261 422 1036 494; baseline -0.009 -11"><span class='ocrx_word' id='word_1_4' title='bbox 261 427 326 483; x_wconf 81' lang='lat' dir='ltr'>Quae</span> <span class='ocrx_word' id='word_1_5' title='bbox 347 424 448 492; x_wconf 88' lang='lat' dir='ltr'>quidem</span> <span class='ocrx_word' id='word_1_6' title='bbox 471 424 547 479; x_wconf 88' lang='lat' dir='ltr'>etiarn</span> <span class='ocrx_word' id='word_1_7' title='bbox 571 424 598 478; x_wconf 89' lang='lat' dir='ltr'>in</span> <span class='ocrx_word' id='word_1_8' title='bbox 619 423 719 478; x_wconf 82' lang='lat' dir='ltr'>Sabinis</span> <span class='ocrx_word' id='word_1_9' title='bbox 740 422 859 494; x_wconf 83' lang='lat' dir='ltr'>persequi</span> <span class='ocrx_word' id='word_1_10' title='bbox 882 423 953 478; x_wconf 91' lang='lat' dir='ltr'>soleo</span> <span class='ocrx_word' id='word_1_11' title='bbox 972 423 1036 478; x_wconf 72' lang='lat' dir='ltr'>oonrl</span> 
     </span>
     <span class='ocr_line' id='line_1_3' title="bbox 260 498 1035 572; baseline -0.004 -17"><span class='ocrx_word' id='word_1_12' title='bbox 260 502 379 572; x_wconf 88' lang='lat' dir='ltr'>riumque</span> <span class='ocrx_word' id='word_1_13' title='bbox 391 501 529 555; x_wconf 89' lang='lat' dir='ltr'>vicinorum</span> <span class='ocrx_word' id='word_1_14' title='bbox 543 499 656 571; x_wconf 79' lang='lat' dir='ltr'>quotidie</span> <span class='ocrx_word' id='word_1_15' title='bbox 668 500 796 568; x_wconf 88' lang='lat' dir='ltr'>compleo;</span> <span class='ocrx_word' id='word_1_16' title='bbox 816 498 886 570; x_wconf 90' lang='lat' dir='ltr'>quod</span> <span class='ocrx_word' id='word_1_17' title='bbox 903 499 936 554; x_wconf 94' lang='lat' dir='ltr'>ad</span> <span class='ocrx_word' id='word_1_18' title='bbox 952 499 1035 553; x_wconf 75' lang='lat' dir='ltr'>multat</span> 
     </span>
     <span class='ocr_line' id='line_1_4' title="bbox 261 575 1036 648; baseline -0.004 -18"><span class='ocrx_word' id='word_1_19' title='bbox 261 582 370 645; x_wconf 86' lang='lat' dir='ltr'>noctem,</span> <span class='ocrx_word' id='word_1_20' title='bbox 388 596 461 648; x_wconf 91' lang='lat' dir='ltr'>quam</span> <span class='ocrx_word' id='word_1_21' title='bbox 481 577 590 630; x_wconf 81' lang='lat' dir='ltr'>maxime</span> <span class='ocrx_word' id='word_1_22' title='bbox 610 593 752 645; x_wconf 86' lang='lat' dir='ltr'>possumus,</span> <span class='ocrx_word' id='word_1_23' title='bbox 771 575 842 629; x_wconf 86' lang='lat' dir='ltr'>vario</span> <span class='ocrx_word' id='word_1_24' title='bbox 862 593 981 630; x_wconf 83' lang='lat' dir='ltr'><strong>sermone</strong></span> <span class='ocrx_word' id='word_1_25' title='bbox 1001 592 1036 644; x_wconf 82' lang='lat' dir='ltr'>prr</span> 
     </span>
     <span class='ocr_line' id='line_1_5' title="bbox 222 651 1036 722; baseline -0.001 -18"><span class='ocrx_word' id='word_1_26' title='bbox 222 657 252 706; x_wconf 78' lang='lat'>47</span> <span class='ocrx_word' id='word_1_27' title='bbox 263 653 385 708; x_wconf 84' lang='lat' dir='ltr'>ducimus.</span> <span class='ocrx_word' id='word_1_28' title='bbox 421 655 458 707; x_wconf 86' lang='lat' dir='ltr'>At</span> <span class='ocrx_word' id='word_1_29' title='bbox 473 671 525 707; x_wconf 92' lang='lat' dir='ltr'>non</span> <span class='ocrx_word' id='word_1_30' title='bbox 540 656 580 707; x_wconf 92' lang='lat' dir='ltr'>est</span> <span class='ocrx_word' id='word_1_31' title='bbox 593 651 752 722; x_wconf 85' lang='lat' dir='ltr'>voluptatum</span> <span class='ocrx_word' id='word_1_32' title='bbox 768 655 843 706; x_wconf 86' lang='lat' dir='ltr'>tanta</span> <span class='ocrx_word' id='word_1_33' title='bbox 854 653 931 722; x_wconf 90' lang='lat' dir='ltr'>quasi</span> <span class='ocrx_word' id='word_1_34' title='bbox 946 651 1036 706; x_wconf 88' lang='lat' dir='ltr'>titillati</span> 
     </span>
     <span class='ocr_line' id='line_1_6' title="bbox 263 726 1035 797; baseline -0.005 -13"><span class='ocrx_word' id='word_1_35' title='bbox 263 731 291 784; x_wconf 92' lang='lat' dir='ltr'>in</span> <span class='ocrx_word' id='word_1_36' title='bbox 302 730 412 785; x_wconf 86' lang='lat' dir='ltr'>senibus.</span> <span class='ocrx_word' id='word_1_37' title='bbox 450 729 548 783; x_wconf 87' lang='lat' dir='ltr'>Credo:</span> <span class='ocrx_word' id='word_1_38' title='bbox 570 727 615 782; x_wconf 88' lang='lat' dir='ltr'>sed</span> <span class='ocrx_word' id='word_1_39' title='bbox 627 746 659 782; x_wconf 89' lang='lat' dir='ltr'>ne</span> <span class='ocrx_word' id='word_1_40' title='bbox 672 726 824 781; x_wconf 79' lang='lat' dir='ltr'>desideratio</span> <span class='ocrx_word' id='word_1_41' title='bbox 836 727 951 797; x_wconf 72' lang='lat' dir='ltr'>quidem,</span> <span class='ocrx_word' id='word_1_42' title='bbox 987 727 1035 782; x_wconf 89' lang='lat' dir='ltr'>Nih</span> 
     </span>
     <span class='ocr_line' id='line_1_7' title="bbox 262 802 1036 875; baseline -0.005 -15"><span class='ocrx_word' id='word_1_43' title='bbox 262 812 347 860; x_wconf 90' lang='lat' dir='ltr'>autem</span> <span class='ocrx_word' id='word_1_44' title='bbox 360 804 502 870; x_wconf 90' lang='lat' dir='ltr'>molestum,</span> <span class='ocrx_word' id='word_1_45' title='bbox 513 803 581 875; x_wconf 91' lang='lat' dir='ltr'>quod</span> <span class='ocrx_word' id='word_1_46' title='bbox 592 821 644 858; x_wconf 90' lang='lat' dir='ltr'>non</span> <span class='ocrx_word' id='word_1_47' title='bbox 656 802 791 857; x_wconf 86' lang='lat' dir='ltr'>desideres.</span> <span class='ocrx_word' id='word_1_48' title='bbox 827 803 903 858; x_wconf 90' lang='lat' dir='ltr'>Bene</span> <span class='ocrx_word' id='word_1_49' title='bbox 915 803 1036 875; x_wconf 86' lang='lat' dir='ltr'>Sophocle</span> 
     </span>
     <span class='ocr_line' id='line_1_8' title="bbox 263 879 1036 953; baseline -0.003 -18"><span class='ocrx_word' id='word_1_50' title='bbox 263 901 340 953; x_wconf 91' lang='lat' dir='ltr'>quum</span> <span class='ocrx_word' id='word_1_51' title='bbox 357 899 388 935; x_wconf 80' lang='lat' dir='ltr'>en</span> <span class='ocrx_word' id='word_1_52' title='bbox 406 899 436 935; x_wconf 92' lang='lat' dir='ltr'>eo</span> <span class='ocrx_word' id='word_1_53' title='bbox 449 880 550 952; x_wconf 90' lang='lat' dir='ltr'>quidam</span> <span class='ocrx_word' id='word_1_54' title='bbox 562 883 616 951; x_wconf 87' lang='lat' dir='ltr'>jam</span> <span class='ocrx_word' id='word_1_55' title='bbox 633 879 724 934; x_wconf 86' lang='lat' dir='ltr'>affecto</span> <span class='ocrx_word' id='word_1_56' title='bbox 740 883 817 933; x_wconf 79' lang='lat' dir='ltr'>[etate</span> <span class='ocrx_word' id='word_1_57' title='bbox 829 886 966 951; x_wconf 74' lang='lat' dir='ltr'>quareret,</span> <span class='ocrx_word' id='word_1_58' title='bbox 977 885 1036 934; x_wconf 83' lang='lat' dir='ltr'>utcu</span> 
     </span>
     <span class='ocr_line' id='line_1_9' title="bbox 262 954 1036 1027; baseline 0 -16"><span class='ocrx_word' id='word_1_59' title='bbox 262 963 337 1011; x_wconf 88' lang='lat' dir='ltr'>turne</span> <span class='ocrx_word' id='word_1_60' title='bbox 358 957 433 1011; x_wconf 90' lang='lat' dir='ltr'>rebus</span> <span class='ocrx_word' id='word_1_61' title='bbox 455 957 582 1011; x_wconf 87' lang='lat' dir='ltr'>venereis:</span> <span class='ocrx_word' id='word_1_62' title='bbox 610 956 650 1010; x_wconf 81' lang='lat' dir='ltr'>dii</span> <span class='ocrx_word' id='word_1_63' title='bbox 669 954 799 1009; x_wconf 78' lang='lat' dir='ltr'>arctiora!</span> <span class='ocrx_word' id='word_1_64' title='bbox 836 955 938 1027; x_wconf 85' lang='lat' dir='ltr'>inquit:</span> <span class='ocrx_word' id='word_1_65' title='bbox 958 957 1036 1011; x_wconf 64' lang='lat' dir='ltr'>licea</span> 
     </span>
     <span class='ocr_line' id='line_1_10' title="bbox 263 1031 1036 1103; baseline -0.003 -17"><span class='ocrx_word' id='word_1_66' title='bbox 263 1051 320 1086; x_wconf 78' lang='lat' dir='ltr'>cero</span> <span class='ocrx_word' id='word_1_67' title='bbox 339 1035 416 1086; x_wconf 77' lang='lat' dir='ltr'>iatine</span> <span class='ocrx_word' id='word_1_68' title='bbox 432 1043 566 1103; x_wconf 75' lang='lat' dir='ltr'>tamquam</span> <span class='ocrx_word' id='word_1_69' title='bbox 581 1050 598 1085; x_wconf 86' lang='lat' dir='ltr'>a</span> <span class='ocrx_word' id='word_1_70' title='bbox 610 1031 715 1085; x_wconf 80' lang='lat' dir='ltr'>domino</span> <span class='ocrx_word' id='word_1_71' title='bbox 728 1033 824 1101; x_wconf 66' lang='lat' dir='ltr'>apresti</span> <span class='ocrx_word' id='word_1_72' title='bbox 838 1049 872 1084; x_wconf 80' lang='lat' dir='ltr'>ae</span> <span class='ocrx_word' id='word_1_73' title='bbox 881 1034 987 1102; x_wconf 79' lang='lat' dir='ltr'>furiose</span> <span class='ocrx_word' id='word_1_74' title='bbox 1000 1050 1036 1102; x_wconf 78' lang='lat' dir='ltr'>prr</span> 
     </span>
     <span class='ocr_line' id='line_1_11' title="bbox 254 1105 1036 1180; baseline -0.005 -18"><span class='ocrx_word' id='word_1_75' title='bbox 254 1112 325 1180; x_wconf 71' lang='lat' dir='ltr'>sapi.</span> <span class='ocrx_word' id='word_1_76' title='bbox 362 1107 467 1178; x_wconf 88' lang='lat' dir='ltr'>Cupidis</span> <span class='ocrx_word' id='word_1_77' title='bbox 484 1108 551 1162; x_wconf 89' lang='lat' dir='ltr'>enim</span> <span class='ocrx_word' id='word_1_78' title='bbox 565 1126 651 1162; x_wconf 86' lang='lat' dir='ltr'>rerum</span> <span class='ocrx_word' id='word_1_79' title='bbox 668 1107 756 1162; x_wconf 88' lang='lat' dir='ltr'>talium</span> <span class='ocrx_word' id='word_1_80' title='bbox 775 1105 895 1162; x_wconf 87' lang='lat' dir='ltr'>odiosum</span> <span class='ocrx_word' id='word_1_81' title='bbox 909 1109 1036 1164; x_wconf 69' lang='lat' dir='ltr'>fortusse·</span> 
     </span>
     <span class='ocr_line' id='line_1_12' title="bbox 264 1183 1036 1255; baseline -0.005 -16"><span class='ocrx_word' id='word_1_82' title='bbox 264 1186 398 1240; x_wconf 87' lang='lat' dir='ltr'>molestum</span> <span class='ocrx_word' id='word_1_83' title='bbox 410 1189 451 1239; x_wconf 84' lang='lat' dir='ltr'>est</span> <span class='ocrx_word' id='word_1_84' title='bbox 463 1202 562 1250; x_wconf 87' lang='lat' dir='ltr'>carere;</span> <span class='ocrx_word' id='word_1_85' title='bbox 581 1184 680 1239; x_wconf 88' lang='lat' dir='ltr'>satiatis</span> <span class='ocrx_word' id='word_1_86' title='bbox 691 1201 752 1237; x_wconf 89' lang='lat' dir='ltr'>reru</span> <span class='ocrx_word' id='word_1_87' title='bbox 763 1187 791 1237; x_wconf 92' lang='lat' dir='ltr'>et</span> <span class='ocrx_word' id='word_1_88' title='bbox 803 1183 914 1253; x_wconf 86' lang='lat' dir='ltr'>expletis</span> <span class='ocrx_word' id='word_1_89' title='bbox 923 1183 1036 1255; x_wconf 85' lang='lat' dir='ltr'>jucundir</span> 
     </span>
     <span class='ocr_line' id='line_1_13' title="bbox 265 1260 1036 1333; baseline -0.009 -15"><span class='ocrx_word' id='word_1_90' title='bbox 265 1268 305 1317; x_wconf 91' lang='lat' dir='ltr'>est</span> <span class='ocrx_word' id='word_1_91' title='bbox 324 1281 417 1328; x_wconf 90' lang='lat' dir='ltr'>carere,</span> <span class='ocrx_word' id='word_1_92' title='bbox 436 1279 511 1333; x_wconf 84' lang='lat' dir='ltr'>quam</span> <span class='ocrx_word' id='word_1_93' title='bbox 531 1260 589 1315; x_wconf 83' lang='lat' dir='ltr'>frui</span> <span class='ocrx_word' id='word_1_94' title='bbox 625 1260 786 1331; x_wconf 76' lang='lat' dir='ltr'>Quamquam</span> <span class='ocrx_word' id='word_1_95' title='bbox 805 1277 859 1314; x_wconf 92' lang='lat' dir='ltr'>uon</span> <span class='ocrx_word' id='word_1_96' title='bbox 880 1267 952 1317; x_wconf 83' lang='lat' dir='ltr'>caret</span> <span class='ocrx_word' id='word_1_97' title='bbox 970 1262 1000 1326; x_wconf 78' lang='lat' dir='ltr'>is,</span> <span class='ocrx_word' id='word_1_98' title='bbox 1017 1279 1036 1331; x_wconf 85' lang='lat' dir='ltr'>qr</span> 
     </span>
     <span class='ocr_line' id='line_1_14' title="bbox 265 1335 1035 1408; baseline -0.005 -14"><span class='ocrx_word' id='word_1_99' title='bbox 265 1358 318 1394; x_wconf 89' lang='lat' dir='ltr'>non</span> <span class='ocrx_word' id='word_1_100' title='bbox 328 1338 470 1394; x_wconf 78' lang='lat' dir='ltr'>desiderat:</span> <span class='ocrx_word' id='word_1_101' title='bbox 488 1354 536 1407; x_wconf 84' lang='lat' dir='ltr'>ego</span> <span class='ocrx_word' id='word_1_102' title='bbox 551 1354 603 1390; x_wconf 91' lang='lat' dir='ltr'>non</span> <span class='ocrx_word' id='word_1_103' title='bbox 618 1335 761 1391; x_wconf 74' lang='lat' dir='ltr'>desiderare</span> <span class='ocrx_word' id='word_1_104' title='bbox 773 1335 830 1390; x_wconf 89' lang='lat' dir='ltr'>dico</span> <span class='ocrx_word' id='word_1_105' title='bbox 842 1354 903 1393; x_wconf 89' lang='lat' dir='ltr'>esse</span> <span class='ocrx_word' id='word_1_106' title='bbox 914 1338 1035 1408; x_wconf 86' lang='lat' dir='ltr'>jncundiu</span> 
     </span>
     <span class='ocr_line' id='line_1_15' title="bbox 226 1412 1036 1483; baseline 0.001 -16"><span class='ocrx_word' id='word_1_107' title='bbox 226 1423 257 1468; x_wconf 79' lang='lat'>48</span> <span class='ocrx_word' id='word_1_108' title='bbox 267 1413 344 1474; x_wconf 78' lang='lat' dir='ltr'>Quod</span> <span class='ocrx_word' id='word_1_109' title='bbox 355 1415 377 1468; x_wconf 94' lang='lat' dir='ltr'>si</span> <span class='ocrx_word' id='word_1_110' title='bbox 389 1413 445 1469; x_wconf 89' lang='lat' dir='ltr'>istis</span> <span class='ocrx_word' id='word_1_111' title='bbox 460 1412 523 1483; x_wconf 91' lang='lat' dir='ltr'>ipsis</span> <span class='ocrx_word' id='word_1_112' title='bbox 536 1412 708 1482; x_wconf 88' lang='lat' dir='ltr'>voluptatibus</span> <span class='ocrx_word' id='word_1_113' title='bbox 722 1412 791 1468; x_wconf 89' lang='lat' dir='ltr'>bona</span> <span class='ocrx_word' id='word_1_114' title='bbox 802 1419 867 1468; x_wconf 68' lang='lat' dir='ltr'>ustas</span> <span class='ocrx_word' id='word_1_115' title='bbox 879 1414 978 1469; x_wconf 79' lang='lat' dir='ltr'>fruitur</span> <span class='ocrx_word' id='word_1_116' title='bbox 986 1414 1036 1469; x_wconf 83' lang='lat' dir='ltr'>liber</span> 
     </span>
     <span class='ocr_line' id='line_1_16' title="bbox 266 1488 1036 1559; baseline -0.004 -15"><span class='ocrx_word' id='word_1_117' title='bbox 266 1491 325 1555; x_wconf 91' lang='lat' dir='ltr'>tius,</span> <span class='ocrx_word' id='word_1_118' title='bbox 337 1490 443 1559; x_wconf 90' lang='lat' dir='ltr'>primum</span> <span class='ocrx_word' id='word_1_119' title='bbox 457 1489 566 1558; x_wconf 86' lang='lat' dir='ltr'>parvulis</span> <span class='ocrx_word' id='word_1_120' title='bbox 578 1489 674 1543; x_wconf 79' lang='lat' dir='ltr'>fruitur</span> <span class='ocrx_word' id='word_1_121' title='bbox 685 1488 769 1554; x_wconf 90' lang='lat' dir='ltr'>rebus,</span> <span class='ocrx_word' id='word_1_122' title='bbox 782 1493 813 1544; x_wconf 90' lang='lat' dir='ltr'>ut</span> <span class='ocrx_word' id='word_1_123' title='bbox 824 1489 954 1545; x_wconf 71' lang='lat' dir='ltr'>diximus:</span> <span class='ocrx_word' id='word_1_124' title='bbox 973 1489 1036 1544; x_wconf 75' lang='lat' dir='ltr'>deinc</span> 
     </span>
     <span class='ocr_line' id='line_1_17' title="bbox 266 1564 1036 1635; baseline 0.001 -17"><span class='ocrx_word' id='word_1_125' title='bbox 266 1566 304 1632; x_wconf 90' lang='lat' dir='ltr'>iis,</span> <span class='ocrx_word' id='word_1_126' title='bbox 317 1564 408 1634; x_wconf 88' lang='lat' dir='ltr'>quibus</span> <span class='ocrx_word' id='word_1_127' title='bbox 424 1570 548 1630; x_wconf 83' lang='lat' dir='ltr'>senectus,</span> <span class='ocrx_word' id='word_1_128' title='bbox 562 1566 584 1619; x_wconf 90' lang='lat' dir='ltr'>si</span> <span class='ocrx_word' id='word_1_129' title='bbox 599 1583 651 1619; x_wconf 92' lang='lat' dir='ltr'>non</span> <span class='ocrx_word' id='word_1_130' title='bbox 663 1565 764 1620; x_wconf 88' lang='lat' dir='ltr'>abunde</span> <span class='ocrx_word' id='word_1_131' title='bbox 775 1566 884 1635; x_wconf 90' lang='lat' dir='ltr'>potitur,</span> <span class='ocrx_word' id='word_1_132' title='bbox 897 1585 951 1621; x_wconf 91' lang='lat' dir='ltr'>non</span> <span class='ocrx_word' id='word_1_133' title='bbox 962 1566 1036 1621; x_wconf 83' lang='lat' dir='ltr'>omnir</span> 
     </span>
     <span class='ocr_line' id='line_1_18' title="bbox 266 1640 1036 1713; baseline -0.001 -18"><span class='ocrx_word' id='word_1_134' title='bbox 266 1645 343 1696; x_wconf 89' lang='lat' dir='ltr'>caret.</span> <span class='ocrx_word' id='word_1_135' title='bbox 378 1641 417 1694; x_wconf 89' lang='lat' dir='ltr'>Ut</span> <span class='ocrx_word' id='word_1_136' title='bbox 433 1641 561 1711; x_wconf 81' lang='lat' dir='ltr'>Turpione</span> <span class='ocrx_word' id='word_1_137' title='bbox 577 1640 695 1695; x_wconf 80' lang='lat' dir='ltr'>Ambivio</span> <span class='ocrx_word' id='word_1_138' title='bbox 712 1641 793 1712; x_wconf 78' lang='lat' dir='ltr'>magis</span> <span class='ocrx_word' id='word_1_139' title='bbox 811 1641 965 1708; x_wconf 86' lang='lat' dir='ltr'>delectatur,</span> <span class='ocrx_word' id='word_1_140' title='bbox 978 1640 1036 1713; x_wconf 91' lang='lat' dir='ltr'>quii</span> 
     </span>
     <span class='ocr_line' id='line_1_19' title="bbox 268 1715 1036 1789; baseline -0.001 -18"><span class='ocrx_word' id='word_1_141' title='bbox 268 1717 348 1789; x_wconf 90' lang='lat' dir='ltr'>prima</span> <span class='ocrx_word' id='word_1_142' title='bbox 368 1735 444 1772; x_wconf 87' lang='lat' dir='ltr'>cavea</span> <span class='ocrx_word' id='word_1_143' title='bbox 463 1721 577 1787; x_wconf 80' lang='lat' dir='ltr'>speetat3</span> <span class='ocrx_word' id='word_1_144' title='bbox 603 1715 744 1772; x_wconf 83' lang='lat' dir='ltr'>delectatur</span> <span class='ocrx_word' id='word_1_145' title='bbox 761 1723 848 1772; x_wconf 87' lang='lat' dir='ltr'>tamen</span> <span class='ocrx_word' id='word_1_146' title='bbox 870 1719 957 1783; x_wconf 90' lang='lat' dir='ltr'>etiam,</span> <span class='ocrx_word' id='word_1_147' title='bbox 976 1716 1036 1789; x_wconf 91' lang='lat' dir='ltr'>quii</span> 
     </span>
     <span class='ocr_line' id='line_1_20' title="bbox 268 1791 1036 1864; baseline 0 -16"><span class='ocrx_word' id='word_1_148' title='bbox 268 1795 372 1848; x_wconf 88' lang='lat' dir='ltr'>ultima:</span> <span class='ocrx_word' id='word_1_149' title='bbox 391 1793 427 1848; x_wconf 93' lang='lat' dir='ltr'>sic</span> <span class='ocrx_word' id='word_1_150' title='bbox 439 1792 607 1848; x_wconf 87' lang='lat' dir='ltr'>adolescentia</span> <span class='ocrx_word' id='word_1_151' title='bbox 618 1791 763 1862; x_wconf 81' lang='lat' dir='ltr'>voluptates</span> <span class='ocrx_word' id='word_1_152' title='bbox 778 1797 885 1864; x_wconf 90' lang='lat' dir='ltr'>propter</span> <span class='ocrx_word' id='word_1_153' title='bbox 896 1795 1000 1850; x_wconf 88' lang='lat' dir='ltr'>intuens</span> <span class='ocrx_word' id='word_1_154' title='bbox 1010 1810 1036 1848; x_wconf 83' lang='lat' dir='ltr'>mr</span> 
     </span>
     <span class='ocr_line' id='line_1_21' title="bbox 270 1866 1036 1941; baseline -0.004 -17"><span class='ocrx_word' id='word_1_155' title='bbox 270 1872 308 1941; x_wconf 79' lang='lat' dir='ltr'>gis</span> <span class='ocrx_word' id='word_1_156' title='bbox 323 1872 428 1924; x_wconf 78' lang='lat' dir='ltr'>sortasse</span> <span class='ocrx_word' id='word_1_157' title='bbox 444 1869 552 1933; x_wconf 67' lang='lat' dir='ltr'>laetatur,</span> <span class='ocrx_word' id='word_1_158' title='bbox 567 1867 611 1922; x_wconf 91' lang='lat' dir='ltr'>sed</span> <span class='ocrx_word' id='word_1_159' title='bbox 624 1866 765 1923; x_wconf 86' lang='lat' dir='ltr'>delectatur</span> <span class='ocrx_word' id='word_1_160' title='bbox 776 1871 853 1924; x_wconf 88' lang='lat' dir='ltr'>etiam</span> <span class='ocrx_word' id='word_1_161' title='bbox 872 1875 992 1926; x_wconf 89' lang='lat' dir='ltr'>senectus</span> <span class='ocrx_word' id='word_1_162' title='bbox 1006 1885 1036 1939; x_wconf 84' lang='lat' dir='ltr'>pu</span> 
     </span>
     <span class='ocr_line' id='line_1_22' title="bbox 231 1943 1036 2014; baseline -0.006 -12"><span class='ocrx_word' id='word_1_163' title='bbox 231 1959 262 2003; x_wconf 82' lang='grc'>49</span> <span class='ocrx_word' id='word_1_164' title='bbox 271 1948 311 2001; x_wconf 90' lang='lat' dir='ltr'>cul</span> <span class='ocrx_word' id='word_1_165' title='bbox 332 1965 374 2000; x_wconf 83' lang='lat' dir='ltr'>ras</span> <span class='ocrx_word' id='word_1_166' title='bbox 396 1950 520 2014; x_wconf 79' lang='lat' dir='ltr'>spectans,</span> <span class='ocrx_word' id='word_1_167' title='bbox 543 1951 651 2011; x_wconf 84' lang='lat' dir='ltr'>tantum,</span> <span class='ocrx_word' id='word_1_168' title='bbox 672 1950 795 2014; x_wconf 89' lang='lat' dir='ltr'>quantum</span> <span class='ocrx_word' id='word_1_169' title='bbox 816 1950 857 1999; x_wconf 89' lang='lat' dir='ltr'>sat</span> <span class='ocrx_word' id='word_1_170' title='bbox 879 1951 927 2000; x_wconf 84' lang='lat' dir='ltr'>est.</span> <span class='ocrx_word' id='word_1_171' title='bbox 965 1949 1000 2000; x_wconf 89' lang='lat' dir='ltr'>At</span> <span class='ocrx_word' id='word_1_172' title='bbox 1017 1943 1036 1997; x_wconf 85' lang='lat' dir='ltr'>il</span> 
     </span>
     <span class='ocr_line' id='line_1_23' title="bbox 272 2019 1036 2092; baseline -0.004 -17"><span class='ocrx_word' id='word_1_173' title='bbox 272 2023 359 2092; x_wconf 88' lang='lat' dir='ltr'>quanti</span> <span class='ocrx_word' id='word_1_174' title='bbox 380 2024 447 2083; x_wconf 86' lang='lat' dir='ltr'>suut,</span> <span class='ocrx_word' id='word_1_175' title='bbox 467 2021 584 2086; x_wconf 85' lang='lat' dir='ltr'>uniumm,</span> <span class='ocrx_word' id='word_1_176' title='bbox 604 2026 732 2092; x_wconf 85' lang='lat' dir='ltr'>tamquam</span> <span class='ocrx_word' id='word_1_177' title='bbox 750 2021 863 2074; x_wconf 80' lang='lat' dir='ltr'>emerit-is</span> <span class='ocrx_word' id='word_1_178' title='bbox 881 2022 1014 2092; x_wconf 85' lang='lat' dir='ltr'>stipendiis</span> <span class='ocrx_word' id='word_1_179' title='bbox 1029 2019 1036 2072; x_wconf 92' lang='lat' dir='ltr'>l</span> 
     </span>
     <span class='ocr_line' id='line_1_24' title="bbox 271 2095 1036 2168; baseline -0.003 -18"><span class='ocrx_word' id='word_1_180' title='bbox 271 2098 370 2161; x_wconf 89' lang='lat' dir='ltr'>bidinis,</span> <span class='ocrx_word' id='word_1_181' title='bbox 390 2096 541 2163; x_wconf 86' lang='lat' dir='ltr'>ambitionis,</span> <span class='ocrx_word' id='word_1_182' title='bbox 559 2098 737 2161; x_wconf 89' lang='lat' dir='ltr'>contentionis,</span> <span class='ocrx_word' id='word_1_183' title='bbox 757 2096 956 2162; x_wconf 84' lang='lat' dir='ltr'>inimicitiarum,</span> <span class='ocrx_word' id='word_1_184' title='bbox 969 2095 1036 2168; x_wconf 88' lang='lat' dir='ltr'>cupid</span> 
     </span>
     <span class='ocr_line' id='line_1_25' title="bbox 271 2172 1036 2242; baseline 0 -17"><span class='ocrx_word' id='word_1_185' title='bbox 271 2177 352 2226; x_wconf 90' lang='lat' dir='ltr'>tatum</span> <span class='ocrx_word' id='word_1_186' title='bbox 363 2173 482 2238; x_wconf 91' lang='lat' dir='ltr'>omnium,</span> <span class='ocrx_word' id='word_1_187' title='bbox 491 2191 575 2226; x_wconf 87' lang='lat' dir='ltr'>secum</span> <span class='ocrx_word' id='word_1_188' title='bbox 589 2191 645 2227; x_wconf 91' lang='lat' dir='ltr'>esse</span> <span class='ocrx_word' id='word_1_189' title='bbox 657 2190 799 2242; x_wconf 88' lang='lat' dir='ltr'>secumque,</span> <span class='ocrx_word' id='word_1_190' title='bbox 810 2176 840 2225; x_wconf 91' lang='lat' dir='ltr'>ut</span> <span class='ocrx_word' id='word_1_191' title='bbox 849 2172 954 2238; x_wconf 88' lang='lat' dir='ltr'>dicitur,</span> <span class='ocrx_word' id='word_1_192' title='bbox 963 2174 1036 2228; x_wconf 72' lang='lat' dir='ltr'>virere</span> 
     </span>
     <span class='ocr_line' id='line_1_26' title="bbox 273 2246 1036 2320; baseline 0 -20"><span class='ocrx_word' id='word_1_193' title='bbox 273 2249 300 2301; x_wconf 85' lang='lat' dir='ltr'>Si</span> <span class='ocrx_word' id='word_1_194' title='bbox 320 2267 379 2301; x_wconf 86' lang='lat' dir='ltr'>vcro</span> <span class='ocrx_word' id='word_1_195' title='bbox 396 2247 467 2302; x_wconf 84' lang='lat' dir='ltr'>habit</span> <span class='ocrx_word' id='word_1_196' title='bbox 486 2248 587 2320; x_wconf 88' lang='lat' dir='ltr'>aliquod</span> <span class='ocrx_word' id='word_1_197' title='bbox 604 2254 732 2319; x_wconf 87' lang='lat' dir='ltr'>tamquam</span> <span class='ocrx_word' id='word_1_198' title='bbox 751 2246 871 2316; x_wconf 83' lang='lat' dir='ltr'>pabulum</span> <span class='ocrx_word' id='word_1_199' title='bbox 890 2250 971 2304; x_wconf 84' lang='lat' dir='ltr'>studii</span> <span class='ocrx_word' id='word_1_200' title='bbox 988 2255 1036 2317; x_wconf 86' lang='lat' dir='ltr'>utqr</span> 
     </span>
     <span class='ocr_line' id='line_1_27' title="bbox 273 2323 1036 2392; baseline 0.003 -17"><span class='ocrx_word' id='word_1_201' title='bbox 273 2323 399 2386; x_wconf 75' lang='lat' dir='ltr'>doctrina,</span> <span class='ocrx_word' id='word_1_202' title='bbox 420 2324 482 2377; x_wconf 91' lang='lat' dir='ltr'>nihil</span> <span class='ocrx_word' id='word_1_203' title='bbox 500 2333 539 2378; x_wconf 89' lang='lat' dir='ltr'>est</span> <span class='ocrx_word' id='word_1_204' title='bbox 560 2326 642 2379; x_wconf 86' lang='lat' dir='ltr'>otiosa</span> <span class='ocrx_word' id='word_1_205' title='bbox 662 2327 793 2377; x_wconf 88' lang='lat' dir='ltr'>senectute</span> <span class='ocrx_word' id='word_1_206' title='bbox 810 2326 962 2392; x_wconf 80' lang='lat' dir='ltr'>jucundius.</span> <span class='ocrx_word' id='word_1_207' title='bbox 996 2325 1036 2380; x_wconf 89' lang='lat' dir='ltr'>hlc</span> 
     </span>
     <span class='ocr_line' id='line_1_28' title="bbox 272 2399 1036 2472; baseline 0 -19"><span class='ocrx_word' id='word_1_208' title='bbox 272 2417 342 2469; x_wconf 85' lang='lat' dir='ltr'>paene</span> <span class='ocrx_word' id='word_1_209' title='bbox 355 2399 500 2453; x_wconf 87' lang='lat' dir='ltr'>videbamus</span> <span class='ocrx_word' id='word_1_210' title='bbox 518 2401 545 2454; x_wconf 92' lang='lat' dir='ltr'>in</span> <span class='ocrx_word' id='word_1_211' title='bbox 562 2401 647 2454; x_wconf 90' lang='lat' dir='ltr'>studio</span> <span class='ocrx_word' id='word_1_212' title='bbox 660 2399 805 2453; x_wconf 87' lang='lat' dir='ltr'>dimetiendi</span> <span class='ocrx_word' id='word_1_213' title='bbox 823 2400 877 2454; x_wconf 87' lang='lat' dir='ltr'>eaeli</span> <span class='ocrx_word' id='word_1_214' title='bbox 897 2406 976 2472; x_wconf 87' lang='lat' dir='ltr'>atque</span> <span class='ocrx_word' id='word_1_215' title='bbox 991 2406 1036 2456; x_wconf 88' lang='lat' dir='ltr'>terr</span> 
     </span>
     <span class='ocr_line' id='line_1_29' title="bbox 273 2474 1034 2546; baseline 0.001 -19"><span class='ocrx_word' id='word_1_216' title='bbox 273 2476 301 2528; x_wconf 81' lang='grc' dir='ltr'>Ο.</span> <span class='ocrx_word' id='word_1_217' title='bbox 314 2474 420 2541; x_wconf 87' lang='lat' dir='ltr'>Gallum,</span> <span class='ocrx_word' id='word_1_218' title='bbox 433 2475 579 2530; x_wconf 85' lang='lat' dir='ltr'>familiarem</span> <span class='ocrx_word' id='word_1_219' title='bbox 592 2477 671 2546; x_wconf 88' lang='lat' dir='ltr'>patris</span> <span class='ocrx_word' id='word_1_220' title='bbox 684 2477 730 2541; x_wconf 91' lang='lat' dir='ltr'>tui,</span> <span class='ocrx_word' id='word_1_221' title='bbox 745 2475 845 2546; x_wconf 88' lang='lat' dir='ltr'>Scipio!</span> <span class='ocrx_word' id='word_1_222' title='bbox 872 2477 985 2535; x_wconf 77' lang='lat' dir='ltr'>Quoties</span> <span class='ocrx_word' id='word_1_223' title='bbox 996 2477 1034 2532; x_wconf 93' lang='lat' dir='ltr'>illu</span> 
     </span>
     <span class='ocr_line' id='line_1_30' title="bbox 272 2550 1036 2622; baseline 0.003 -18"><span class='ocrx_word' id='word_1_224' title='bbox 272 2552 316 2605; x_wconf 84' lang='lat' dir='ltr'>lux</span> <span class='ocrx_word' id='word_1_225' title='bbox 329 2555 406 2605; x_wconf 89' lang='lat' dir='ltr'>noctu</span> <span class='ocrx_word' id='word_1_226' title='bbox 418 2550 511 2620; x_wconf 87' lang='lat' dir='ltr'>aliquid</span> <span class='ocrx_word' id='word_1_227' title='bbox 524 2552 665 2606; x_wconf 86' lang='lat' dir='ltr'>describere</span> <span class='ocrx_word' id='word_1_228' title='bbox 677 2553 828 2622; x_wconf 81' lang='lat' dir='ltr'>ingressum,</span> <span class='ocrx_word' id='word_1_229' title='bbox 841 2554 944 2621; x_wconf 86' lang='lat' dir='ltr'>quoties</span> <span class='ocrx_word' id='word_1_230' title='bbox 960 2573 1010 2608; x_wconf 92' lang='lat' dir='ltr'>non</span> <span class='ocrx_word' id='word_1_231' title='bbox 1019 2571 1036 2621; x_wconf 84' lang='lat' dir='ltr'>q</span> 
     </span>
     <span class='ocr_line' id='line_1_31' title="bbox 273 2628 1036 2697; baseline 0.001 -18"><span class='ocrx_word' id='word_1_232' title='bbox 273 2628 373 2697; x_wconf 85' lang='lat' dir='ltr'>pressit,</span> <span class='ocrx_word' id='word_1_233' title='bbox 389 2645 464 2696; x_wconf 88' lang='lat' dir='ltr'>quum</span> <span class='ocrx_word' id='word_1_234' title='bbox 484 2646 556 2680; x_wconf 90' lang='lat' dir='ltr'>mane</span> <span class='ocrx_word' id='word_1_235' title='bbox 573 2629 707 2696; x_wconf 70' lang='lat' dir='ltr'>coepisset!</span> <span class='ocrx_word' id='word_1_236' title='bbox 739 2629 823 2685; x_wconf 79' lang='lat' dir='ltr'>Quam</span> <span class='ocrx_word' id='word_1_237' title='bbox 839 2628 984 2685; x_wconf 88' lang='lat' dir='ltr'>delectabat</span> <span class='ocrx_word' id='word_1_238' title='bbox 1001 2648 1036 2684; x_wconf 89' lang='lat' dir='ltr'>cur</span> 
     </span>
     <span class='ocr_line' id='line_1_32' title="bbox 273 2702 1036 2774; baseline 0.004 -19"><span class='ocrx_word' id='word_1_239' title='bbox 273 2703 426 2756; x_wconf 84' lang='lat' dir='ltr'>delectiones</span> <span class='ocrx_word' id='word_1_240' title='bbox 445 2703 504 2755; x_wconf 87' lang='lat' dir='ltr'>solis</span> <span class='ocrx_word' id='word_1_241' title='bbox 521 2709 547 2756; x_wconf 91' lang='lat' dir='ltr'>et</span> <span class='ocrx_word' id='word_1_242' title='bbox 562 2702 628 2755; x_wconf 77' lang='lat' dir='ltr'>luna</span> <span class='ocrx_word' id='word_1_243' title='bbox 644 2703 726 2757; x_wconf 89' lang='lat' dir='ltr'>multo</span> <span class='ocrx_word' id='word_1_244' title='bbox 743 2703 816 2758; x_wconf 86' lang='lat' dir='ltr'>nobis</span> <span class='ocrx_word' id='word_1_245' title='bbox 834 2710 895 2760; x_wconf 88' lang='lat' dir='ltr'>ante</span> <span class='ocrx_word' id='word_1_246' title='bbox 912 2707 1036 2774; x_wconf 78' lang='lat' dir='ltr'>praedioea</span> 
     </span>
     <span class='ocr_line' id='line_1_33' title="bbox 233 2777 1036 2842; baseline 0.005 -15"><span class='ocrx_word' id='word_1_247' title='bbox 233 2786 246 2827; x_wconf 84' lang='lat'><em>5</em></span> <span class='ocrx_word' id='word_1_248' title='bbox 274 2777 343 2834; x_wconf 76' lang='lat' dir='ltr'>Quid</span> <span class='ocrx_word' id='word_1_249' title='bbox 362 2777 388 2830; x_wconf 90' lang='lat' dir='ltr'>in</span> <span class='ocrx_word' id='word_1_250' title='bbox 405 2777 539 2831; x_wconf 86' lang='lat' dir='ltr'>levioribus</span> <span class='ocrx_word' id='word_1_251' title='bbox 560 2778 660 2842; x_wconf 86' lang='lat' dir='ltr'>studiis,</span> <span class='ocrx_word' id='word_1_252' title='bbox 678 2778 722 2832; x_wconf 91' lang='lat' dir='ltr'>sed</span> <span class='ocrx_word' id='word_1_253' title='bbox 740 2782 825 2833; x_wconf 90' lang='lat' dir='ltr'>tamen</span> <span class='ocrx_word' id='word_1_254' title='bbox 843 2782 947 2837; x_wconf 79' lang='lat' dir='ltr'>acutis?</span> <span class='ocrx_word' id='word_1_255' title='bbox 983 2783 1036 2838; x_wconf 77' lang='lat' dir='ltr'>Qua</span> 
     </span>
     <span class='ocr_line' id='line_1_34' title="bbox 273 2851 1036 2924; baseline 0.005 -20"><span class='ocrx_word' id='word_1_256' title='bbox 273 2851 399 2920; x_wconf 84' lang='lat' dir='ltr'>gaudebat</span> <span class='ocrx_word' id='word_1_257' title='bbox 416 2852 480 2907; x_wconf 92' lang='lat' dir='ltr'>bello</span> <span class='ocrx_word' id='word_1_258' title='bbox 497 2871 543 2906; x_wconf 90' lang='lat' dir='ltr'>sno</span> <span class='ocrx_word' id='word_1_259' title='bbox 560 2854 658 2909; x_wconf 87' lang='lat' dir='ltr'>Punico</span> <span class='ocrx_word' id='word_1_260' title='bbox 677 2855 799 2909; x_wconf 87' lang='lat' dir='ltr'>Naerius!</span> <span class='ocrx_word' id='word_1_261' title='bbox 819 2874 896 2924; x_wconf 90' lang='lat' dir='ltr'>qnam</span> <span class='ocrx_word' id='word_1_262' title='bbox 911 2857 1036 2911; x_wconf 60' lang='lat' dir='ltr'>Truculcn&#39;</span> 
     </span>
    </p>
   </div>
   <div class='ocr_carea' id='block_1_3' title="bbox 0 0 1294 3367">
    <p class='ocr_par' dir='ltr' id='par_1_3' title="bbox 0 0 1294 3367">
     <span class='ocr_line' id='line_1_35' title="bbox 0 0 1294 3367; baseline 0 0"><span class='ocrx_word' id='word_1_263' title='bbox 0 0 1294 3367; x_wconf 95' lang='lat' dir='ltr'> </span> 
     </span>
    </p>
   </div>
  </div>
 </body>
</html>
