2575 3367
282 386 314 432 dt
611 381 746 431 LAELlUS

281 492 427 562 jucundius.
463 493 525 557 Quae
537 495 577 547 est
592 493 661 547 enim
676 492 883 549 istaseeuritaal
919 491 1011 563 Specie
1023 491 1074 563 qui·

283 570 338 622 dem
353 567 451 633 blanda,
464 567 510 622 sed
522 586 610 638 reapse
622 567 710 623 multis
721 568 785 624 locis
797 567 960 640 repudianda
985 568 1074 640 Neque

283 646 350 699 enim
374 650 414 699 est
438 648 642 708 cousentaneum,
664 644 741 699 ullum
765 645 897 701 honestam
920 662 976 699 rem
1000 645 1075 700 actio·

283 740 380 788 ucmve,
401 740 433 776 ne
454 721 577 776 sollicitus
597 720 640 785 sis,
663 725 708 775 aut
728 739 781 776 non
801 722 931 792 suscipere
954 725 1001 776 aut
1025 737 1074 776 sua·

284 802 384 868 ceptam
408 797 540 866 deponere.
588 796 662 862 Quod
686 797 710 851 si
738 815 825 852 curam
848 796 971 865 fugimus,
995 798 1075 852 virtus

284 873 404 943 fugienda
416 877 463 938 est,
475 890 531 942 qnoe
546 889 650 926 necesse
666 876 706 927 est
723 890 780 927 cum
798 873 882 942 eliqua
899 890 961 928 eura
973 891 1015 927 res
1031 871 1076 927 sibi

284 948 422 1003 contrarias
435 951 584 1017 aspernetur
593 952 671 1018 atque
680 947 762 1002 oderit
773 968 780 1012 ;
798 954 828 1003 ut
839 949 938 1003 bonitas
947 948 1074 1012 malitiam,

284 1023 452 1094 temperantia
481 1022 618 1087 libidinem,
647 1023 775 1093 ignaviam
802 1023 936 1079 fortitudo.
986 1025 1076 1095 Itaque

284 1100 370 1154 rideas
387 1099 463 1154 rebus
481 1099 584 1169 injustis
599 1099 685 1169 justos
703 1100 812 1155 maxime
829 1100 922 1166 dolere,
936 1100 1076 1156 imbellibus

285 1178 373 1243 fortes,
393 1175 526 1246 flagitiosis
547 1174 684 1230 modestos.
720 1176 791 1247 Ergo
814 1177 864 1232 hec
888 1177 1018 1248 proprium
1039 1182 1077 1231 est

286 1253 362 1307 animi
379 1252 444 1308 bene
460 1251 602 1315 constituti,
621 1255 649 1306 et
666 1251 755 1321 tend,
765 1252 838 1308 bonis
855 1253 932 1308 rebus
949 1263 978 1308 et
995 1253 1076 1308 dolere

247 1330 426 1387 recontrariis.
466 1326 635 1394 Quamobrem
659 1328 681 1382 si
702 1329 770 1384 cadit
792 1331 820 1384 in
840 1329 980 1400 sapientem
1003 1328 1077 1384 animi

286 1406 373 1472 dolor;
397 1407 451 1476 (qui
470 1405 584 1475 profecto
602 1404 678 1469 cadit,
695 1406 745 1460 nisi
763 1425 795 1461 ex
813 1409 869 1476 ejus
887 1407 971 1461 animo
988 1407 1077 1461 exstir-

287 1487 372 1550 patam
390 1482 573 1535 humanitatem
591 1479 744 1534 arbitramur
752 1483 772 1549 ι)
796 1500 853 1552 qure
870 1499 948 1536 causa
964 1486 1014 1546 est,
1033 1499 1077 1536 cur

287 1556 421 1610 amicitiam
440 1555 555 1609 funditus
574 1554 693 1610 tollamus
711 1556 797 1621 erite,
811 1575 843 1611 ne
860 1557 956 1628 aliquas
976 1562 1078 1628 propter

287 1650 341 1685 eam
354 1631 520 1701 suscipiamus
532 1630 681 1686 molestias?
718 1631 785 1697 Quid
797 1633 863 1686 enim
877 1633 993 1698 interest,
1007 1638 1078 1687 motu

287 1706 363 1761 animi
375 1705 483 1773 sublato,
494 1723 546 1760 non
562 1705 618 1760 dico
635 1707 703 1761 inter
713 1707 839 1762 hominem
852 1713 878 1763 et
890 1707 1021 1778 pecudem,
1034 1707 1078 1763 sed

287 1784 354 1838 inter
365 1782 489 1837 hominem
509 1785 535 1837 et
554 1800 644 1836 saxum
661 1787 707 1838 aut
723 1788 842 1838 truncum
860 1794 905 1837 aut
919 1783 1020 1854 quidvis
1037 1802 1078 1854 ge

288 1860 354 1915 neris
375 1858 508 1930 ejusdem?
545 1859 637 1929 Neque
658 1859 725 1913 enim
746 1864 807 1913 sunt
826 1859 870 1913 isti
891 1859 1018 1927 audiendi,
1035 1858 1078 1930 qui

287 1937 408 1990 virtutem
432 1935 520 1989 duram
545 1938 572 1989 et
593 1935 666 2006 quasi
690 1934 795 1989 ferream
817 1935 952 2004 quemdem
974 1936 1076 1990 volunt:

288 2030 344 2082 quae
356 2010 457 2083 quidem
474 2014 514 2066 est
527 2029 603 2081 quum
621 2009 708 2065 multis
725 2011 751 2065 in
763 2010 847 2077 rebus,
859 2015 915 2064 tum
929 2011 956 2064 in
969 2011 1078 2065 amicitia

288 2092 376 2142 tenera
387 2092 463 2158 atque
480 2086 627 2151 tractabilis,
640 2093 671 2139 ut
687 2090 714 2141 et
727 2086 801 2142 bouis
817 2086 890 2142 amici
902 2087 976 2157 quasi
987 2087 1077 2141 diffun-

288 2163 364 2217 datur
380 2168 406 2217 et
422 2163 586 2218 incommodis
603 2162 776 2217 contrabatur.
812 2163 984 2221 Quamobrem
1001 2181 1079 2235 angor

290 2240 347 2303 iste,
368 2241 411 2310 qui
430 2258 476 2310 pro
497 2241 577 2295 amieo
596 2258 662 2310 saepe
681 2240 818 2309 capiendus
838 2246 885 2307 est,
906 2259 959 2295 non
979 2245 1078 2295 tantum

291 2315 365 2378 valet,
384 2322 414 2369 ut
433 2315 506 2370 tollat
524 2316 609 2370 evita
628 2317 778 2382 amicitiam;
803 2335 854 2371 non
872 2317 937 2388 plus,
956 2335 1033 2388 quam
1050 2324 1079 2370 ut

290 2390 407 2454 virtutes,
430 2391 488 2460 quia
508 2391 640 2446 nonnullas
665 2410 739 2446 curas
759 2398 786 2447 et
810 2393 937 2448 molestias
962 2393 1078 2457 afferunt,

291 2467 464 2536 repudientur.

326 2544 400 2599 XIV.
420 2546 502 2610 Quum
525 2548 609 2599 autem
634 2546 768 2600 contrahet
788 2547 931 2611 amicitiam,
953 2553 985 2603 ut
1006 2567 1070 2620 supr.

292 2619 351 2684 dixi,
372 2621 394 2675 si
415 2640 465 2690 qua
486 2621 636 2690 significatio
656 2622 759 2676 virtutis
778 2623 882 2685 eluceat,
903 2622 935 2676 ad
958 2644 1032 2694 quarn
1054 2643 1064 2677 s

292 2696 379 2750 similis
392 2698 489 2750 animus
502 2695 610 2765 applicet
623 2701 649 2749 et
662 2697 799 2769 adjungat:
818 2697 843 2751 id
855 2716 933 2767 quum
946 2701 1058 2770 contingi

251 2782 283 2828 49
293 2789 362 2825 emor
373 2773 501 2826 exoriatur
514 2789 616 2825 neeesse
628 2781 674 2826 eat.
708 2774 779 2831 Quid
790 2774 856 2827 enim
869 2778 921 2827 tam
934 2775 1053 2830 absurdui

292 2865 368 2915 quam
386 2848 505 2902 delectori
529 2846 615 2901 multis
637 2846 752 2903 inanibus
773 2848 856 2913 rebus,
879 2854 908 2903 ut
929 2851 1033 2917 bonore,

284 2922 378 2991 gloria,
392 2928 422 2978 ut
438 2923 550 2987 aedificio,
564 2926 594 2976 ut
607 2924 702 2978 vestitu
718 2926 839 2996 cultuque
851 2929 981 2997 corporis3
1001 2930 1040 2982 ani
