2575 3367
487 305 555 355 LlB.
574 304 610 354 11.
629 305 703 354 CAP.
724 306 761 354 ta.
992 308 1023 358 87

226 417 344 490 gratiam.
382 417 473 488 Itaque
493 435 570 488 quum
589 416 671 471 multa
686 416 806 485 praeolara
823 415 954 487 majorum,
968 422 1024 471 tum

228 493 297 565 quod
318 493 413 563 optime
431 493 564 548 constituti
579 494 645 562 juris
663 492 744 547 civilis
763 510 861 545 summo
879 511 978 563 semper
999 493 1025 547 in

227 569 324 624 honore
336 569 385 623 luit
397 569 508 641 cognitio
521 576 597 640 atque
610 570 794 639 interpretatio.
827 571 910 630 Quam
924 569 1025 639 quidem

228 652 289 701 ante
309 648 374 702 banc
393 647 565 702 contusionem
589 651 732 716 temporum
752 645 779 699 in
800 646 959 714 possessione
980 665 1027 699 sua

227 724 356 793 principes
375 724 543 778 retinuerunt.
589 723 674 787 Nunc,
694 726 725 776 ut
747 722 863 784 honores,
886 725 915 775 ut
937 739 1025 775 ornnes

228 799 362 869 dignitatis
381 799 483 872 gradus,
502 801 540 855 sic
556 799 633 870 hujus
651 798 766 854 scientim
787 797 905 867 splendor
927 797 1026 852 deletus

228 882 285 931 est:
304 876 380 947 idque
391 894 422 931 eo
440 875 577 945 indignius,
591 875 659 946 quod
671 893 702 929 eo
716 879 830 945 ternpore
843 875 891 928 lroc
909 876 1025 944 contigit,

228 973 308 1025 quum
321 955 342 1008 is
355 958 431 1021 esset,
443 955 486 1025 qui
501 973 588 1008 omnes
601 953 751 1024 superiores,
766 952 858 1022 quibus
873 952 968 1006 honore
981 971 1026 1020 par

228 1037 306 1098 esset,
318 1031 424 1085 scientia
444 1031 516 1085 laoile
535 1031 645 1085 vicisset.
684 1031 748 1084 llaec
766 1029 845 1098 igitur
860 1046 938 1097 opera
952 1034 1026 1099 grata

229 1107 317 1162 multis
329 1111 356 1162 et
368 1107 400 1161 ad
411 1107 540 1162 beneficiis
552 1105 747 1174 obstringendos
760 1105 874 1159 homines
887 1124 1026 1160 accommo-

228 1183 298 1239 data
345 1186 432 1256 Atque
455 1183 515 1239 huic
535 1184 585 1238 arti
608 1183 715 1237 finitima
737 1191 777 1235 est
801 1181 900 1236 dicendi
925 1185 1065 1252 graviorto

228 1259 338 1315 facultas
350 1264 377 1315 et
393 1261 489 1332 gratior
506 1264 532 1315 et
550 1260 672 1315 ornatior.
708 1257 779 1317 Quid
797 1258 863 1311 enim
880 1259 1025 1329 eloquentia
1120 1292 1122 1299 ‹

228 1337 405 1407 praestabilius,
425 1337 466 1392 vel
483 1337 649 1392 admiratione
668 1334 832 1407 audieptium‚
858 1335 897 1388 vel
921 1353 966 1404 spe
988 1335 1026 1388 iu-

228 1413 380 1485 digentium,
394 1414 435 1468 vel
451 1432 547 1482 eorum,
560 1415 602 1485 qui
621 1415 719 1471 delensi
736 1419 804 1479 sunt,
817 1412 919 1485 gratia?
956 1412 1025 1466 lluio

227 1508 291 1561 ergo
312 1507 327 1544 a
346 1490 483 1561 majoribus
504 1492 599 1545 nostris
621 1498 661 1547 est
680 1493 707 1547 in
724 1495 786 1562 toga
804 1489 937 1560 diguitatis
956 1487 1025 1558 prin-

227 1567 329 1636 cipatus
350 1566 432 1622 datus.
468 1568 565 1622 Diserti
585 1569 666 1640 igitur
687 1568 796 1624 hominis
818 1573 844 1623 et
865 1565 939 1620 facile
957 1565 1024 1619 labo·

227 1643 318 1708 rantis,
337 1643 455 1716 quodque
472 1644 500 1698 iu
517 1645 606 1715 patriis
620 1651 661 1701 est
678 1645 798 1710 moribus,
812 1644 949 1698 multorum
965 1661 1023 1696 cau-

227 1737 270 1774 sas
283 1724 310 1774 et
322 1738 373 1774 non
390 1726 494 1791 gravate
512 1726 539 1775 et
553 1723 667 1792 gratuito
684 1722 843 1777 defendentis
861 1720 982 1775 beneficia
997 1724 1023 1771 ot

228 1797 368 1868 patrocinia
381 1796 432 1850 late
445 1800 541 1866 patent.
571 1797 732 1853 Admonebat
745 1817 785 1853 me
797 1816 847 1864 res,
859 1802 890 1851 ut
902 1797 950 1849 hoo
962 1813 1021 1864 quo
1034 1809 1064 1858 67

227 1891 280 1943 que
292 1872 347 1926 loco
359 1873 569 1928 intermissionem
582 1874 740 1945 eloquentiae,
750 1893 782 1929 ne
791 1874 873 1928 dicam
884 1871 1024 1934 interitum,

228 1948 400 2020 deplorarem3
419 1949 446 2003 ni
462 1968 569 2016 vererer,
584 1969 615 2006 ne
633 1951 665 2006 de
684 1951 797 2020 meipso
816 1948 910 2019 aliquid
928 1947 1026 2001 viderer

227 2025 309 2096 queri.
336 2024 385 2080 Sed
397 2029 484 2081 tamen
495 2026 616 2092 videmus,
627 2028 719 2098 quibus
732 2027 864 2081 exstinctis
874 2023 1024 2087 oratoribus,

227 2119 305 2172 quam
326 2102 353 2156 in
372 2103 459 2173 paucis
480 2121 546 2174 spes,
569 2109 665 2175 quanto
683 2105 711 2158 in
731 2102 892 2174 paucioribus
911 2100 1026 2170 facultas,

228 2195 306 2249 quam
317 2177 345 2232 in
358 2179 446 2233 multis
458 2179 493 2234 ait
508 2180 620 2236 audacia.
657 2181 741 2246 Quum
761 2184 845 2233 autem
864 2196 914 2232 non
927 2176 1026 2246 possint

226 2271 325 2319 omnm,
337 2273 370 2310 ne
382 2255 456 2310 urulti
469 2256 577 2327 quidem,
588 2261 633 2311 ant
645 2257 789 2327 jurisperiti
799 2273 854 2311 esse
866 2259 912 2310 aut
921 2253 1025 2318 diserti3

226 2330 290 2386 licet
304 2334 391 2387 tamen
406 2350 484 2401 opera
499 2332 618 2402 prodesse
635 2334 729 2399 multis,
748 2334 869 2389 beneficia
886 2336 1024 2403 petentem,

227 2408 445 2464 commendantem
466 2409 595 2480 judicibus
613 2414 640 2465 et
662 2411 860 2481 magistratibus,
879 2408 1025 2480 vigilantem

227 2502 276 2556 pro
294 2503 323 2539 re
338 2485 451 2551 alterius,
465 2504 509 2541 eos
522 2487 599 2557 ipsos,
613 2488 657 2558 qui
675 2495 720 2542 aut
738 2489 905 2543 consuluntur
923 2489 968 2539 aut
985 2484 1026 2537 de·

227 2560 346 2629 tendunt,
358 2567 508 2634 rogantem:
527 2563 594 2635 quod
609 2564 653 2634 qui
669 2564 774 2630 iaciunt,
788 2564 923 2634 plurimum
936 2560 1025 2630 gratiae

227 2643 428 2708 consequuntur,
459 2639 631 2710 latissimeque
661 2658 748 2695 eorum
779 2642 865 2692 manat
894 2636 1026 2691 industria.

227 2715 247 2771 J
249 2732 290 2769 am
303 2713 367 2769 illud
378 2733 431 2770 non
442 2720 503 2771 sunt
519 2716 679 2780 admonendi,
694 2718 746 2786 (est
764 2715 831 2769 enim
847 2715 874 2767 in
886 2713 1025 2783 promptu)
1036 2718 1066 2764 68

228 2794 258 2846 nt
272 2791 385 2846 animum
398 2792 538 2855 advertunt,
552 2811 627 2859 quum
639 2794 729 2863 juvare
746 2791 808 2844 alios
819 2790 908 2854 velint,
919 2807 951 2842 ne
964 2807 1027 2860 quos

229 2867 370 2926 offendant.
407 2870 478 2939 Soepe
496 2869 563 2924 enirn
584 2873 629 2923 aut
650 2887 694 2923 eos
715 2867 819 2931 laedunt,
838 2884 901 2939 quos
919 2884 969 2924 non
987 2866 1028 2919 de·
