2575 3367
375 313 421 360 DE
439 312 658 361 SENECTUTE.
686 313 759 361 cAP.
775 315 812 371 18,
825 316 862 365 19.
987 315 1017 365 27

221 423 342 478 videntur
361 423 473 479 fabulam
494 423 577 478 atatis
598 423 733 494 peregisse,
755 441 810 489 nec,
828 427 958 495 tamquam
978 426 1017 481 in·

222 580 284 631 sunt
302 576 396 631 morosi
416 579 443 630 et
460 575 529 630 auxii
546 579 572 631 et
589 575 705 630 iracundi
721 580 748 631 et
766 575 880 630 difficiles
898 595 978 643 senes,
995 579 1018 634 si

222 652 367 724 querimus,
384 652 462 709 etiam
480 651 565 706 ararit
602 652 653 707 Sed
673 652 727 707 haec
748 669 848 706 morum
864 653 927 707 ritis
947 661 1016 717 sunt.

221 746 274 782 non
292 727 439 783 senectutis.
477 727 515 782 Ac
531 727 665 782 morositas
681 731 775 792 tamen,
789 732 816 782 et
832 746 862 782 ea
877 728 946 793 vitia,
961 749 1018 801 quta

223 804 285 870 dixi,
310 803 404 860 babent
428 803 523 874 aliquid
546 804 725 869 excusationis,
750 822 802 859 non
825 804 893 860 illius
916 805 1018 877 quidem
1058 858 1062 867 ,

219 881 305 950 justae,
318 879 364 935 scd
382 898 438 950 quae
456 879 557 949 probari
578 898 652 950 posse
670 880 795 935 videatur.
833 881 968 938 Contemni
989 901 1018 938 se

223 962 322 1027 putant,
332 956 434 1027 despici,
444 956 531 1022 illudi3
551 960 673 1025 preterea
683 957 710 1011 in
722 957 805 1027 fragili
817 975 922 1028 corpore
931 960 1017 1014 odiosa

222 1033 305 1087 omnis
317 1033 421 1087 offensio
433 1037 482 1087 est.
520 1033 583 1097 Qua
594 1038 681 1087 tamen
691 1034 776 1088 omnia
787 1033 900 1089 dulciora
911 1037 976 1091 liunt
990 1041 1017 1091 et

222 1109 335 1164 moribus
353 1108 425 1164 bonis
444 1113 470 1164 et
488 1108 601 1164 artibus:
622 1110 699 1181 idque
716 1114 772 1165 tum
790 1111 818 1164 iu
837 1110 898 1174 vita,
917 1117 971 1165 tum
991 1113 1018 1167 in

222 1203 299 1240 scena
318 1185 427 1256 intelligi
443 1189 529 1255 potest
547 1187 622 1240 exiis
634 1186 764 1251 fratribus,
783 1187 827 1257 qui
845 1185 873 1240 in
889 1187 1018 1258 Adelphis

221 1266 291 1317 aunt.
335 1263 440 1321 Quanta
463 1261 491 1317 in
511 1261 591 1317 altero
612 1262 718 1327 duritas,
739 1262 767 1316 in
790 1263 870 1316 altero
891 1265 1015 1317 comitas!

222 1338 265 1393 Sic
283 1356 311 1393 se
328 1357 369 1393 res
387 1336 479 1393 habet:
501 1344 531 1392 ut
549 1338 616 1393 enim
633 1356 685 1393 non
703 1355 777 1392 omne
795 1337 889 1403 vinum,
907 1339 944 1393 sic
964 1357 1015 1392 uon

221 1414 303 1468 omnis
319 1418 383 1468 aetus
395 1417 524 1469 vetustate
536 1414 668 1469 coacescit.
705 1414 871 1468 Severitatem
887 1413 913 1467 in
930 1432 1016 1469 senec-

221 1494 279 1544 tute
296 1489 383 1560 probo,
396 1488 442 1544 sed
457 1507 520 1556 eam,
536 1489 603 1545 sicut
620 1490 676 1555 alia,
690 1490 828 1556 modicam
852 1488 1014 1554 acerbitatem

220 1564 389 1620 nullomodo.
426 1566 542 1620 Avaritia
556 1584 617 1621 vero
635 1566 721 1621 senilis
738 1565 800 1637 quid
817 1565 866 1621 sibi
881 1566 950 1630 velit,
963 1584 1015 1620 non
1025 1580 1055 1626 66

219 1640 342 1711 intelligo.
380 1642 470 1696 Potest
482 1640 547 1696 enim
562 1642 698 1712 quidquam
710 1661 766 1697 esse
778 1641 919 1710 absurdius,
932 1661 1015 1714 quam,

220 1734 272 1786 quo
284 1717 367 1771 miuus
379 1718 426 1772 viae
438 1721 527 1782 restat,
540 1736 571 1773 eo
583 1718 640 1788 plus
653 1719 738 1773 viatici
750 1720 882 1788 quaereret

255 1793 330 1848 XIX.
350 1794 450 1852 Quarta
461 1797 542 1848 restat
554 1812 704 1865 causaque
715 1794 824 1849 maxime
833 1812 925 1865 angere
937 1798 1014 1864 atque

220 1869 353 1924 sollicitam
374 1868 467 1924 habere
490 1874 604 1925 nostrum
627 1873 730 1925 oetatem
750 1869 859 1938 videtur,
881 1872 1014 1940 appropin-

220 1945 308 2014 quatio
320 1946 424 2000 mortis:
444 1964 500 2015 quoe
513 1950 610 2001 certes
625 1949 757 2000 senectute
774 1963 825 2000 non
842 1951 926 2016 potest
938 1946 1013 2017 longe

219 2021 316 2076 abesse.
353 2022 375 2075 Ο
387 2021 508 2076 miserum
520 2041 613 2087 senem,
627 2023 671 2093 qui
683 2026 791 2076 mortem
803 2022 1013 2076 contemnendam

218 2115 275 2152 esse
293 2097 321 2151 in
337 2100 389 2151 tam
408 2096 484 2169 longa
502 2101 578 2153 aetate
598 2115 651 2153 non
669 2096 776 2152 viderit!
802 2115 858 2167 quas
877 2100 921 2151 aut
939 2097 1013 2167 plane

218 2172 371 2244 negligenda
393 2178 440 2238 est,
466 2174 489 2229 si
512 2175 614 2228 ournino
639 2173 781 2242 exstinguit
805 2173 935 2228 animum:
967 2179 1012 2229 aut

218 2251 295 2304 etiam
315 2249 432 2320 optanda,
450 2251 473 2305 si
491 2250 575 2322 aliquo
594 2268 652 2305 eum
670 2249 781 2315 deducit,
793 2248 838 2304 ubi
856 2248 889 2304 sit
907 2249 1012 2306 futurus

218 2330 337 2380 aeternus.
374 2327 455 2396 Atqui
478 2327 584 2381 tertium
608 2330 677 2382 certe
700 2326 764 2380 nihil
787 2326 894 2381 inveniri
917 2332 1011 2398 potest.
1051 2395 1054 2400 ,

218 2401 290 2462 Quid
302 2401 381 2471 igilur
392 2401 503 2467 tineam,
516 2403 539 2458 si
555 2408 599 2458 aut
615 2421 668 2458 nou
680 2403 756 2458 miser
768 2408 826 2475 post
839 2409 953 2470 mortem,
966 2409 1011 2459 aut
1021 2413 1051 2461 67

217 2477 309 2533 beatus
327 2476 403 2531 etiam
422 2478 524 2533 futurus
543 2480 618 2541 sumt
649 2479 810 2551 Quamquam
828 2480 884 2550 quis
901 2484 940 2534 est
958 2486 1011 2534 tam

217 2553 322 2617 stultus,
336 2553 450 2622 quamvis
467 2554 501 2610 sit
518 2553 672 2620 adolescens,
690 2555 732 2610 cui
750 2555 784 2609 sit
802 2555 968 2624 exploratum,
982 2573 1010 2610 se

217 2630 250 2685 ad
271 2646 404 2698 vesperum
428 2647 484 2685 esse
508 2629 655 2686 victurum?
692 2632 760 2696 Quin
783 2630 859 2685 etiam
884 2635 945 2684 satas
968 2630 1011 2684 illa

217 2705 299 2761 multo
317 2705 410 2776 plures,
422 2723 498 2775 quam
515 2710 610 2771 nostra,
628 2706 718 2761 mortis
734 2723 808 2760 casus
825 2705 910 2759 babet.
940 2705 1011 2760 Faci-

217 2783 267 2838 lius
278 2785 305 2836 in
314 2781 414 2837 morbos
426 2781 543 2837 incidunt
552 2781 740 2848 adolescentem
759 2781 861 2852 gravius
870 2786 1010 2851 agrotant5

219 2860 321 2917 tristius
333 2862 463 2914 curantur.
488 2860 580 2930 Itaque
591 2859 667 2930 peuoi
677 2858 783 2915 veniunt
792 2855 826 2912 ad
837 2862 1010 2913 senectutem:
