2575 3367
394 304 443 354 DE
461 303 679 354 SENECTUTE.
706 304 835 353 CAP.10.
978 308 1008 355 18

215 417 412 488 Xenophontem
430 433 460 472 eo
472 433 595 481 sermone,
608 434 683 487 quem
696 415 805 471 moriens
820 415 916 483 habuit,
930 435 1008 488 quum

214 492 352 549 &modum
364 510 442 548 senex
454 495 529 558 esset,
541 496 619 563 neget
631 511 659 547 se
670 508 790 564 nmquam
802 492 911 548 sensisse
922 511 1008 550 senee-

214 574 300 626 tutem
320 587 392 624 suam
415 568 603 624 imbecilliorem
623 568 725 634 laetam,
744 586 819 640 quam
839 567 1009 626 adnleseentia

213 645 316 701 fnisset.
352 645 408 715 ugo
428 644 460 699 L.
473 644 608 699 Metellum
632 644 735 699 memini
758 646 909 716 pner,—qui
930 665 1007 717 quum

214 721 381 794 quadriennio
393 723 452 792 post
463 719 570 775 alterum
583 720 741 775 oonsulatum
757 720 871 791 pontifex
883 722 1007 777 maximus

213 799 300 854 faetus
312 801 388 862 esset,
398 796 490 868 viginti
501 799 528 851 et
540 795 604 850 dnos
617 814 696 851 annos
708 797 732 851 ei
744 796 885 852 saoerdotio
897 798 1006 869 prefuit,

212 874 289 928 —ita
308 874 381 929 bonis
402 891 458 928 esse
478 871 575 927 viribus
595 883 709 927 extremo
729 876 845 943 tempore
864 874 955 940 etatis,
977 878 1007 929 ut

214 949 411 1005 odolesoentium
428 965 480 1003 non
497 947 645 1020 requireret.
680 946 754 1002 Nihil
770 965 873 1004 neeesse
890 956 930 1004 est
946 950 1008 1005 mihi

214 1025 249 1081 de
269 1043 310 1080 me
330 1025 386 1096 ipso
403 1023 502 1079 dicere:
526 1041 678 1095 quemquam
698 1028 738 1079 est
758 1023 786 1080 id
803 1024 904 1097 quidem
921 1025 1007 1094 senile,

213 1101 336 1174 eetstique
347 1104 441 1156 nostre
452 1099 607 1156 eonoeditnr.

249 1177 284 1232 X.
303 1175 444 1243 Videtisne,
461 1179 491 1231 ut
509 1174 577 1246 epud
594 1176 736 1230 Homerum
754 1174 891 1247 sepissime
909 1176 1043 1234 Nestorei

212 1252 246 1309 de
258 1251 398 1308 ridutibns
409 1252 462 1307 suis
474 1250 612 1322 predioett
639 1251 751 1306 Tertiam
763 1252 829 1307 enim
839 1251 892 1323 jam
904 1257 1004 1308 etatem

212 1329 346 1384 hominum
356 1326 474 1394 virebat3
491 1344 539 1382 neo
554 1330 609 1382 erat
625 1327 650 1382 ei
663 1325 809 1392 verendum,
819 1345 851 1382 ne
868 1345 927 1383 vers
942 1347 1012 1399 prae·-

212 1404 302 1460 dicans
320 1403 352 1459 de
369 1421 397 1460 se
413 1403 488 1458 nimis
503 1401 632 1458 videretur
648 1406 694 1457 eut
710 1401 821 1457 insolens
839 1406 884 1457 aul
901 1402 1004 1473 loquax.

212 1480 325 1546 Etenim,
337 1483 368 1535 ut
385 1479 422 1535 alt
436 1480 572 1544 Homerus,
585 1497 618 1533 eo·
635 1480 691 1548 ejus
709 1478 804 1549 linqua
820 1480 892 1533 nulle
903 1479 1006 1533 disthor

208 1556 308 1628 fluebat
319 1556 411 1612 emto.
447 1556 532 1615 Quam
547 1553 580 1608 ad
591 1554 744 1609 suavitatem
755 1553 832 1609 nullis
843 1555 934 1626 egebat
950 1572 1004 1610 eor·

211 1631 283 1704 poris
296 1631 408 1697 viribus3
426 1634 452 1686 et
461 1634 547 1685 tamen
555 1629 608 1684 dux
618 1629 661 1685 ille
671 1629 775 1686 Greeiae
785 1648 910 1703 nusquam
922 1634 1003 1704 optat,

210 1713 244 1764 ut
256 1707 342 1780 Ajeeis
359 1706 453 1763 similes
470 1706 563 1762 habeat
581 1704 676 1772 decem,
693 1709 720 1761 at
738 1710 768 1761 ut
783 1706 918 1774 Nestoris3
936 1707 1004 1779 quod

210 1785 236 1840 si
254 1782 381 1848 acciderit,
393 1801 445 1838 non
457 1781 565 1847 dubitat,
578 1782 640 1852 quin
657 1781 728 1837 brevi
743 1782 778 1838 sit
789 1783 867 1852 Troja
883 1783 1004 1853 peritum.

210 1858 264 1917 sed
281 1859 357 1915 redeo
375 1858 408 1913 ed
424 1876 472 1914 me
508 1858 636 1918 Qusmum
654 1875 749 1914 annum
769 1875 817 1930 ago
834 1862 861 1913 et
878 1859 1043 1930 octogesiaa

210 1954 283 1994 mum
294 1955 300 1992 :
318 1935 406 1991 vellem
417 1934 533 2007 equidem
544 1932 611 1989 idem
623 1952 698 2005 posse
709 1933 819 2006 gloriari,
830 1934 898 2005 qnod
907 1936 1002 2006 Cyrum

210 2011 258 2070 sed
275 2016 362 2067 tamen
381 2011 430 2067 hoo
447 2028 513 2082 queo
533 2010 623 2080 disere,
641 2027 693 2064 non
713 2027 753 2064 me
774 2009 875 2082 quidem
895 2010 926 2065 iis
947 2028 1004 2066 esse

209 2088 317 2154 viribus,
339 2087 430 2159 quibus
451 2091 496 2142 aut
519 2086 591 2142 miles
614 2085 680 2141 bello
699 2086 805 2153 Pnnieo,
827 2090 872 2141 eut
893 2090 1004 2158 questos

209 2164 302 2221 eodem
319 2163 392 2229 bello,
405 2166 451 2219 sut
468 2162 557 2219 eonsul
576 2162 604 2217 in
620 2163 747 2232 Hispania
763 2162 862 2229 luerim,
880 2166 925 2218 aut
944 2181 1003 2234 qus·

209 2239 327 2297 driennio
342 2243 408 2312 post,
421 2258 499 2311 quum
515 2238 633 2294 tribunus
649 2238 765 2294 militaris
777 2238 920 2310 depugnavi
935 2237 1003 2310 apud

209 2315 401 2389 Thermopylas,
411 2315 459 2371 Μ’.
470 2314 551 2370 Acilio
564 2313 699 2370 Glabrione
715 2314 833 2370 eonsule:
851 2314 897 2370 sed
908 2320 1002 2382 tamen,

209 2394 301 2449 utros
315 2391 416 2458 videtis,
427 2409 480 2447 non
497 2390 570 2464 plane
588 2409 629 2446 me
646 2389 776 2446 enervarit
793 2409 841 2447 nee
858 2391 945 2446 afflixit
963 2410 1003 2448 se-

209 2472 317 2525 nectus:
336 2486 388 2523 non
399 2469 469 2524 eume
479 2469 546 2524 vires
558 2486 626 2524 meas
638 2467 774 2533 desiderat,
784 2485 836 2523 non
847 2472 938 2534 rostra,
950 2486 1002 2525 non

210 2546 293 2612 emim,
305 2561 358 2601 non
374 2544 488 2610 olentes,
498 2561 551 2600 non
567 2544 689 2616 hospites,
724 2544 782 2599 Neo
798 2543 864 2598 enim
882 2562 1002 2615 umquam

211 2639 267 2678 snm
292 2640 411 2678 msensus
432 2623 514 2678 veteri
537 2621 573 2678 illi
595 2620 748 2692 laudatoque
770 2617 910 2691 proverbio,
933 2619 1002 2691 quod

211 2697 916 2770 monetsnotmfierimsemsidiooeldesseseneo.
943 2694 1001 2766 Ego

211 2790 271 2831 rem
279 2774 416 2831 meminus
428 2773 473 2829 diu
481 2791 566 2829 senem
575 2790 631 2828 esse
643 2771 750 2836 mallem,
760 2788 835 2841 quum
847 2787 903 2825 esse
914 2789 1000 2827 senem

214 2856 278 2922 ento,
291 2869 367 2924 quam
384 2868 474 2908 essem.
508 2849 601 2921 Itaque
617 2864 693 2903 nemo
710 2847 792 2902 adhue
809 2845 943 2903 murenire
959 2865 1001 2902 me
