2575 3367
288 305 319 352 ts
614 303 754 353 LAELIUS

288 415 397 470 fortuna
413 414 522 469 fractior.
557 415 618 470 Non
635 420 676 470 est
692 415 772 485 igitur
789 415 870 480 annici,
882 415 960 478 talem
977 431 1035 469 esse
1046 414 1076 469 in

289 510 355 558 eum,
367 490 448 562 qualis
464 489 506 545 iilo
521 491 549 546 in
565 509 593 546 se
609 495 665 557 est,
683 491 729 546 sed
746 491 832 562 potius
847 491 911 546 eniti
928 495 955 546 ct
971 491 1075 554 efficere,

289 571 320 620 ut
344 567 417 621 amici
435 566 560 637 jacentem
584 566 695 621 animum
715 566 811 622 excitet
831 565 985 637 inducatque
1009 583 1076 636 spera

291 643 519 714 cogitationemque
548 642 685 698 meliorem.
720 642 794 698 Alius
822 642 902 714 igitur
931 641 990 697 finis
1013 659 1076 696 vera

291 720 408 775 amicitie
425 711 618 774 constituendus
635 728 684 785 est,
697 718 720 774 si
736 719 815 790 prius,
835 718 896 791 qnid
913 718 1023 773 maxime
1041 735 1077 772 re·

290 795 446 866 prehendere
459 796 542 865 Scipio
558 796 648 850 solitus
664 795 706 861 sit,
719 795 830 861 edixere.
866 794 986 865 Negabat
1002 794 1076 849 ullam

256 873 258 877 ’
289 889 377 926 vocem
400 871 563 925 inimiciorem
588 870 705 926 amicitia
727 871 841 943 potuisse
864 871 979 941 reperiri,
1003 888 1076 941 quam

290 947 352 1017 ejus,
372 947 415 1018 qui
432 945 537 1001 dixisset
555 946 592 1001 ita
610 965 693 1002 amare
710 951 835 1017 oportere,
853 951 884 1002 ut
903 947 927 1000 si
944 945 1076 1018 aliquando

290 1027 358 1077 esset
370 1040 476 1085 osums:
498 1041 546 1077 nec
557 1040 617 1077 vero
633 1041 662 1078 se
676 1022 768 1078 adduci
785 1040 867 1094 posse,
879 1027 910 1077 ut
922 1022 980 1086 hoc,
992 1040 1077 1093 quem·

291 1098 424 1153 admodum
447 1103 588 1170 putaretur,
609 1117 624 1154 a
644 1100 737 1155 Biante
760 1118 816 1155 esse
837 1098 934 1154 dictum
955 1100 1075 1162 crederet,

291 1175 335 1245 qui
353 1175 452 1245 sapiens
469 1174 570 1230 habitus
588 1180 657 1230 esset
673 1194 740 1230 uuus
757 1194 772 1230 e
789 1178 901 1246 septem3
926 1176 1021 1246 impuri
1037 1193 1076 1230 cu·

288 1250 397 1321 jusdam,
416 1257 461 1306 aut
480 1251 606 1306 ambitiosi
627 1255 672 1306 aut
692 1251 777 1306 omnia
795 1250 827 1305 ad
847 1269 918 1305 suam
938 1252 1077 1322 potentiam

291 1328 433 1382 revocantis
445 1346 500 1383 esse
516 1327 677 1382 sententiam.
715 1327 833 1387 Quonam
845 1327 911 1382 eninr
924 1327 1000 1381 modo
1013 1327 1077 1397 qnis-

292 1423 366 1475 quam
379 1406 473 1460 amicus
486 1423 541 1460 esse
557 1404 658 1475 poterit,
671 1404 713 1460 cui
728 1423 756 1460 se
768 1404 869 1475 putabit
880 1404 1013 1459 inimicum
1024 1421 1078 1460 esse

291 1482 384 1550 posse?
415 1481 483 1547 Quin
500 1480 575 1535 etiam
593 1498 696 1536 necesse
713 1480 763 1535 erit
778 1498 870 1550 cupere
890 1485 918 1535 et
935 1483 1077 1550 optarent
1117 1548 1120 1555 Ι

291 1574 365 1626 quam
378 1557 513 1626 sepissime
526 1558 613 1625 peccet
625 1556 728 1622 amicus,
740 1573 790 1626 quo
802 1557 886 1626 plures
899 1556 944 1611 det
955 1557 1006 1611 sibi
1017 1562 1078 1611 tam·

292 1649 366 1700 quam
382 1648 455 1684 ausas
472 1630 504 1684 ad
520 1630 770 1701 reprehendendum:
787 1650 887 1686 rursum
905 1637 992 1686 autern
1010 1637 1078 1686 recto

291 1705 365 1760 sactis
377 1705 564 1777 commodisque
576 1706 712 1762 amicorum
728 1725 832 1762 neccsse
843 1708 892 1762 erit
906 1708 974 1778 augi,
986 1707 1077 1771 dolere,

251 1791 283 1837 60
291 1781 412 1838 invidere.
449 1783 536 1842 Quare
549 1783 597 1838 hoc
609 1783 710 1854 quidem
722 1788 884 1854 preceptum,
896 1785 1078 1855 cujuscumque

291 1864 338 1924 est,
358 1859 390 1914 ad
406 1858 543 1914 tollendam
562 1859 697 1914 amicitiam
714 1859 789 1915 valet.
825 1859 893 1914 Illud
911 1861 999 1930 potius
1017 1879 1078 1931 prm·

291 1935 433 2007 cipiendum
457 1935 514 2000 fuit,
539 1939 569 1989 ut
592 1953 647 1989 eam
671 1933 827 2006 diligentiam
851 1935 1031 1991 adhiberemus
1052 1937 1079 1991 in

291 2013 408 2067 amicitiis
420 2010 601 2082 comparandis,
614 2015 645 2066 ut
656 2029 689 2066 nc
700 2010 801 2082 qnando
813 2029 897 2066 amare
910 2012 1079 2084 inciperemus

291 2107 357 2153 eum,
369 2107 443 2160 quern
456 2086 588 2158 aliquando
601 2086 686 2141 odisse
701 2104 840 2158 possemus.
877 2087 950 2146 Quin
965 2089 1042 2144 etiam
1057 2089 1080 2144 si

291 2165 375 2219 minus
404 2164 490 2219 felices
513 2164 542 2218 in
569 2162 702 2234 deligendo
727 2162 870 2231 fuissemus,
894 2164 1028 2220 serendum
1053 2164 1079 2219 id

292 2241 376 2309 Scipio
391 2241 485 2310 potius,
499 2257 573 2310 quam
590 2238 779 2294 inimicitiarum
797 2242 898 2309 tempus
916 2240 1079 2311 cogitandum

308 2315 405 2370 utabat.

251 2399 281 2445 61
292 2335 308 2384 ρ
327 2392 416 2445 XVII.
435 2391 485 2445 His
498 2391 577 2460 igitur
586 2391 678 2446 finibus
690 2390 813 2445 utendum
825 2390 942 2457 arbitror,
953 2397 992 2459 ut,
1002 2411 1078 2465 quum

291 2467 417 2522 emendati
433 2485 515 2521 mores
533 2467 669 2522 amicorum
686 2468 745 2530 sint,
759 2472 813 2521 turn
832 2468 866 2521 sit
884 2468 1012 2525 intereos
1029 2488 1079 2523 orn·

291 2546 361 2599 nium
379 2563 470 2608 rerum,
484 2543 653 2607 consiliorum,
673 2543 832 2598 voluntatum
850 2544 905 2598 sine
922 2546 976 2600 ulla
993 2565 1078 2616 excep

291 2622 360 2675 tione
379 2620 560 2675 communitas:
580 2623 617 2683 ut,
631 2620 708 2673 etiarn
726 2619 748 2673 si
764 2637 814 2688 qua
830 2619 934 2674 fortuna
953 2623 1078 2687 acciderit,

291 2702 320 2749 ut
333 2697 415 2750 miuus
424 2700 503 2765 justo
515 2695 650 2748 amicorum
664 2694 807 2748 voluntates
820 2695 970 2764 adjuvandae
982 2700 1041 2764 sint,
1053 2700 1078 2753 in

291 2772 381 2842 quibus
400 2791 485 2825 corum
502 2780 546 2824 aut
564 2774 640 2839 caput
659 2775 749 2839 agatur
761 2776 805 2824 aut
818 2771 891 2838 saura,
905 2772 1078 2830 declinandum

281 2849 320 2904 sit
338 2848 371 2904 dc
390 2849 446 2915 ria3
468 2846 591 2902 modone
609 2863 707 2899 summa
725 2847 857 2916 turpitudo
875 2855 1016 2919 sequatur:
1040 2854 1078 2904 est
