2575 3367
313 653 316 657 ’
335 658 376 709 Μ.
395 656 521 712 runnu
539 656 737 714 CICERONIS

291 799 471 887 CATO
536 800 778 889 MAJOR

503 972 561 1014 SEU

331 1097 396 1154 DE
436 1097 741 1158 SENEOTUTE

437 1249 629 1297 nitrosus,

460 1393 600 1408 ψ

414 1497 653 1546 ARGUMENTUM.

200 1635 223 1668 rc
229 1621 322 1668 libellus
329 1626 434 1669 versatur
441 1623 465 1667 in
476 1623 602 1668 senectutis
609 1623 773 1669 tumluudibus
780 1622 929 1680 explicandis,

200 1687 333 1744 repellendis
342 1687 546 1732 criminationibus.

200 1757 272 1797 intuor
282 1757 359 1796 autem
370 1753 482 1797 decausis
492 1756 597 1797 senectus
609 1756 706 1810 putatur
717 1751 813 1806 misera;
829 1764 926 1809 quarum

200 1817 360 1871 uest-Quod
370 1822 451 1862 evocet
461 1818 552 1862 erebus
561 1817 667 1875 gerendis
675 1833 682 1872 ;

200 1887 255 1935 tera,
266 1882 333 1935 Quod
342 1895 423 1939 corpus
432 1882 503 1926 faciut
513 1882 624 1926 infirmius
633 1895 639 1937 ;

200 1945 249 1999 rtis,
260 1945 327 1999 Quod
336 1947 412 2003 privet
421 1947 528 1991 omnibus
536 1946 582 1990 fere
591 1944 750 2001 voluptatibus
758 1957 765 2000 ς

200 2015 260 2062 arta,
270 2010 337 2064 Quod
345 2010 408 2054 haud
418 2011 497 2067 procul
506 2010 568 2055 obsit
578 2023 593 2054 u
601 2014 681 2054 morte.

200 2089 224 2120 ae
243 2075 315 2132 igitur
331 2075 423 2132 singula
438 2074 589 2120 accusationis
603 2073 680 2130 capita
693 2072 818 2130 redarguit,
834 2077 862 2133 ut
875 2087 926 2132 qua

200 2144 281 2184 :tutem
297 2140 380 2197 purtim
394 2152 441 2184 non
454 2140 580 2196 attingant,
589 2139 675 2196 partim
688 2151 735 2182 non
747 2138 844 2183 reddant
856 2140 925 2185 mise-

224 2203 304 2250 Sermo
315 2209 394 2249 uutem
404 2204 515 2250 tribuitur
524 2202 607 2249 Catoni
616 2202 732 2258 Censorio,
742 2203 791 2248 seni
801 2207 825 2247 et
834 2205 925 2261 patien-

200 2283 227 2314 no
242 2270 319 2314 oetatis
334 2283 381 2314 suu
396 2274 420 2314 et
434 2269 601 2314 florentissimo.
631 2267 677 2322 Qui
690 2282 762 2325 quum
773 2269 798 2312 in
808 2275 926 2316 senectute

200 2347 229 2378 un
255 2333 334 2379 literas
351 2333 442 2380 Graecas
459 2333 572 2388 didicerit,
588 2333 661 2379 oratio
678 2334 727 2392 eJus
741 2333 786 2380 hoc
800 2333 825 2378 in
839 2334 926 2391 libello,

200 2415 203 2443 ι
214 2397 277 2452 alias,
288 2403 324 2443 est
333 2399 428 2444 doctior.
822 2393 825 2401 '

200 2463 272 2508 rbitus
286 2463 380 2520 quidem
392 2463 488 2521 fingitur
501 2477 575 2508 sermo
588 2463 615 2509 Τ.
625 2462 733 2517 Quinctio
742 2462 880 2517 Flaminino,
891 2464 925 2509 Μ’

200 2542 212 2574 o
222 2527 295 2573 Balbo
305 2528 435 2572 consulibus
445 2527 533 2574 ΑΗΕ.
544 2529 594 2573 604.
628 2528 732 2585 Scriptus
741 2531 776 2571 est
785 2532 863 2572 autem
873 2534 926 2586 post

200 2607 224 2638 m
240 2592 344 2646 Coesuris,
358 2606 426 2645 enno,
441 2591 480 2652 (ut
495 2592 607 2652 videtur)
620 2593 670 2636 710.
688 2596 711 2636 et
726 2591 808 2636 missus
820 2593 851 2637 ad
863 2594 923 2639 Atti-

200 2671 284 2712 senem,
294 2659 323 2702 de
332 2657 450 2715 republica
462 2662 513 2702 turn
523 2658 625 2702 murima
635 2656 765 2701 sollicitum.
797 2656 851 2710 Hic,
860 2657 924 2704 Cice·

205 2723 281 2767 tribus
292 2723 359 2768 annis
372 2722 452 2782 major,
462 2735 488 2767 eo
501 2725 603 2780 tempore
614 2734 702 2767 unnurn
714 2721 799 2778 agebat
807 2723 922 2780 sexagesi-

207 2792 306 2832 sextum.
900 2804 904 2810 ·

526 2865 544 2904 B
