2575 3367
305 310 337 355 60
460 307 509 356 DE
527 307 680 356 OFFlClll
699 308 767 356 LlB.
785 310 807 357 1.
824 309 901 358 cAP.
913 312 953 358 45.

250 423 296 470 160
306 419 456 488 reipublicae,
470 419 605 490 quidquam
619 419 718 474 illorum
731 420 813 476 faeere
827 421 978 491 sapientem.
1015 424 1090 488 Quiane

305 497 353 550 hoc
365 496 464 567 quidem
478 497 595 550 effectum
612 496 654 560 sit,
667 497 695 550 in
711 496 798 552 officiis
814 497 957 568 deligendis
975 498 1001 553 id
1018 516 1090 570 genus

305 573 442 627 officiorum
461 573 589 637 excellere,
603 572 672 643 quod
687 579 804 628 teneatur
820 573 952 628 hominum
968 576 1089 630 societate.

306 650 407 704 Etenim
430 648 599 720 cognitionem
619 648 828 721 prudentiamque
849 651 968 721 sequitur
988 650 1090 707 conside

306 733 362 781 rata
385 727 460 781 actio.
495 726 538 779 lta
560 725 597 790 fit,
619 731 650 780 ut
673 744 748 797 agere
771 727 931 782 considerate
952 728 1032 799 pluris
1053 729 1090 791 sit,

307 822 382 873 quam
394 802 506 873 cogitare
517 803 664 873 prudenter.
689 806 776 874 Atque
785 805 840 859 hnc
851 803 955 874 quidem
968 805 1091 861 hactenus.

307 879 454 934 Patefactus
467 884 507 934 est
519 880 586 934 enim
598 879 669 935 locus
680 879 742 950 ipse,
755 883 848 935 utnon
860 879 962 936 difficile
974 882 1047 937 sitin
1056 899 1092 937 ex·
1110 882 1113 969 l

307 955 429 1026 quirendo
446 956 535 1022 officio,
549 956 609 1028 quid
624 957 716 1028 cuique
734 956 769 1011 sit
786 957 994 1028 preponendum,
1006 959 1092 1015 videre.

307 1034 339 1086 In
351 1033 406 1103 ipsa
417 1038 503 1089 autem
515 1033 696 1089 communitate
708 1038 768 1088 sunt
782 1034 876 1104 gradus
894 1035 1049 1102 officiorum
1065 1052 1093 1089 ex

307 1110 406 1179 quibus,
422 1110 484 1181 quid
500 1111 591 1180 cuique
607 1114 720 1181 praestet,
732 1110 840 1180 intelligi
856 1112 955 1181 possit:
974 1117 1005 1168 nt
1021 1112 1094 1184 priua

307 1187 355 1241 diis
378 1187 568 1254 immortalibus,
592 1187 704 1242 secunda
726 1187 822 1257 patriae,
843 1187 923 1242 tertia
942 1190 1093 1259 parentibus,

251 1275 296 1323 161
307 1263 424 1335 deinceps
440 1263 565 1336 gradatim
581 1264 678 1335 reliqua
693 1264 796 1336 reliquis
812 1263 962 1320 debeantur.
1000 1266 1094 1327 Quibus

307 1359 339 1395 ex
350 1341 426 1396 rebus
438 1341 548 1396 breviter
565 1341 701 1410 disputatis
717 1340 825 1411 intelligi
841 1346 936 1411 potest,
948 1361 1002 1398 non
1019 1344 1093 1398 solum

306 1417 333 1471 id
349 1419 462 1472 homines
480 1417 560 1472 solere
577 1417 701 1482 dubitare,
720 1417 888 1472 honestumne
906 1437 941 1473 an
957 1422 1036 1490 turpe
1050 1420 1093 1484 sit;

307 1494 351 1547 sed
364 1495 447 1558 etiam,
461 1493 559 1549 duobus
571 1495 708 1565 propositis
720 1494 841 1558 honestis,
854 1502 943 1549 utrum
960 1496 1094 1552 honestius
1127 1519 1130 1563 ι

307 1570 359 1624 Hic
373 1571 444 1624 locus
461 1588 477 1624 a
494 1571 607 1625 Panmtio
625 1576 673 1635 est,
686 1577 716 1625 ut
734 1571 887 1642 supradixi,
905 1575 1094 1644 pretermissas.
1123 1594 1130 1627 ι

308 1646 571 1718 Sedjamadreliqua
582 1665 725 1719 pergamus.
1128 1649 1130 1656 ’
