2575 3367
321 352 352 399 22
604 349 695 397 CATO
712 348 833 397 ustos

319 462 391 515 nitur
408 459 474 516 vallo
492 460 634 516 aristarum
670 458 737 526 Quid
755 477 803 531 ego
821 460 912 515 vitium
933 463 1016 529 satus,
1033 463 1108 524 ortus,

320 538 475 591 incrementa
497 537 713 592 commemorem?
750 536 842 590 Satiari
865 535 1037 592 delectatione
1063 555 1109 591 non

320 630 439 683 possum3
458 617 488 667 ut
500 630 562 667 mere
573 612 712 667 senectutis
724 611 863 683 requietem
876 610 1108 683 oblectamentsque

320 690 439 744 noscatis.
475 689 575 743 Omitto
591 688 658 743 enim
670 687 722 742 rim
737 688 818 758 ipsam
834 688 958 754 omnium,
972 707 1030 760 que
1040 706 1109 759 geue·

320 769 411 820 rantur
421 784 436 820 e
447 769 531 831 terra;
549 783 606 836 que
621 782 655 819 cx
665 764 707 819 fici
717 763 817 818 tantulo
833 781 914 835 grano
931 770 979 819 aut
996 783 1028 820 ex
1044 765 1109 820 acino

321 842 424 897 vinaceo
445 845 489 896 sot
509 858 540 896 ex
561 844 701 895 ceterarum
719 839 821 910 frugum
843 857 873 894 ac
893 839 1015 911 stirpium
1037 839 1110 895 minu·

320 918 425 972 tissimie
444 915 582 972 seminibus
602 920 689 971 tantos
709 920 814 971 truncos
834 933 972 987 ramosque
992 922 1109 988 procreat.

322 993 443 1059 Malleoli,
452 992 553 1063 plantae,
562 996 696 1061 sarmenta
704 991 860 1059 viviradices,
869 993 1025 1063 propagines
1035 1009 1110 1047 nonne

321 1087 352 1123 ea
371 1068 491 1135 efficiunt,
511 1073 541 1123 at
563 1069 678 1141 quemvis
698 1086 756 1124 eum
779 1067 947 1123 admiratione
969 1068 1109 1124 delectent?

321 1145 390 1200 Vitis
402 1143 512 1215 quidem,
524 1163 581 1216 qua
598 1150 691 1200 natura
707 1143 802 1199 caduca
818 1147 858 1198 est
876 1150 911 1211 et,
923 1145 975 1199 nisi
991 1145 1058 1200 fulta
1073 1144 1109 1210 sit

321 1220 353 1275 ad
374 1224 467 1275 terram
484 1219 575 1285 fertur,
593 1219 689 1285 eadem,
701 1226 732 1275 ut
749 1238 777 1275 se
795 1220 885 1290 erigat,
903 1219 1037 1276 claviculis
1055 1220 1108 1282 suis,

321 1297 393 1368 quasi
405 1294 528 1364 manibus,
540 1295 663 1367 quidquid
674 1300 714 1352 est
728 1300 809 1360 nacta,
823 1294 1018 1365 complectitur:
1041 1314 1109 1368 quam

321 1377 464 1445 serpentem
482 1371 614 1442 multiplici
630 1372 705 1443 lapsu
722 1377 748 1428 et
766 1371 874 1428 erratico
892 1371 962 1427 ferro
980 1378 1109 1444 amputans

321 1458 421 1506 coercet
442 1467 483 1504 ars
502 1448 676 1519 agricolarum,
694 1467 727 1504 ne
746 1448 862 1504 silvescat
883 1450 1023 1504 sarmentis
1043 1449 1109 1504 etin

285 1540 312 1584 53
322 1544 408 1581 omnes
423 1528 509 1595 partes
525 1524 602 1579 nimia
617 1524 747 1579 tundatur.
783 1524 875 1594 Itaque
891 1524 998 1580 ineunte
1014 1543 1074 1580 vere
1088 1525 1109 1578 in

321 1602 360 1665 iis,
382 1618 438 1670 que
458 1599 546 1655 relicta
569 1603 637 1666 sunt,
660 1600 761 1655 exsistit
784 1604 912 1670 tamquam
938 1600 972 1655 ad
995 1601 1109 1656 articulos

321 1679 505 1730 sarmentorum
517 1693 555 1740 ca,
568 1694 624 1745 quaa
640 1694 741 1747 gemma
751 1675 859 1741 dicitur;
878 1693 958 1745 equa
969 1677 1055 1732 oriens
1067 1694 1110 1731 um

322 1770 377 1807 sese
393 1750 519 1806 ostendit:
539 1769 602 1823 qua,
615 1758 642 1806 et
660 1769 737 1806 succo
753 1755 828 1806 terra
845 1754 873 1805 et
890 1750 975 1806 calore
993 1753 1055 1807 solis
1071 1770 1109 1806 au·

321 1845 434 1899 geseens,
447 1827 528 1898 primo
544 1832 584 1882 est
600 1827 737 1897 peracerba
751 1830 865 1898 gustatu,
879 1825 972 1882 deinde
988 1834 1109 1883 maturata

322 1903 459 1970 dulcescit;
477 1903 619 1972 vestitaque
634 1902 758 1973 pampinis
774 1919 821 1957 nec
832 1901 932 1956 modico
944 1907 1036 1974 tepore
1047 1908 1108 1959 caret

321 1985 348 2035 et
364 1980 454 2034 nimios
470 1978 530 2033 solis
542 1977 655 2033 defendit
668 1978 779 2033 ardores.
815 1979 875 2038 Qua
887 1977 949 2048 quid
962 1984 1106 2049 potestesse

321 2075 400 2127 quum
420 2055 506 2110 fructu
528 2054 620 2119 laetius,
641 2057 697 2109 tum
721 2058 827 2125 aspectu
849 2053 1003 2123 pulchrius?
1036 2055 1100 2124 (luju

321 2131 423 2201 quidem
440 2149 491 2186 non
507 2130 604 2186 utilitas
618 2148 660 2185 me
675 2129 765 2197 solum,
777 2134 807 2184 ut
825 2133 884 2185 ante
902 2128 964 2196 dixi,
977 2130 1025 2187 sed
1041 2132 1094 2187 etin

320 2209 421 2263 cultura
432 2213 458 2263 et
470 2208 525 2280 ipsa
536 2213 628 2263 natura
637 2207 761 2263 delectat}
781 2206 992 2263 adminiculorum
1006 2209 1088 2264 ordine

320 2285 431 2354 capitum
444 2285 551 2355 jugatio,
564 2285 681 2356 religatio
693 2288 720 2339 et
732 2284 881 2355 propagatio
893 2283 986 2339 vitium
1005 2303 1082 2341 sarmr

320 2363 455 2428 torumque
476 2377 513 2423 ca,
535 2379 610 2431 quam
631 2361 692 2424 dixi,
712 2360 817 2414 aliorum
839 2361 990 2430 amputatio,
1010 2361 1077 2417 alior

319 2434 449 2489 immissio.
487 2434 557 2493 Quid
576 2455 625 2508 ego
645 2437 813 2508 irrigationes,
834 2435 895 2507 quid
914 2435 1043 2493 fossiones
1062 2457 1071 2491 ι

321 2510 581 2582 repastinationesque
598 2513 732 2582 proferam,
745 2512 837 2583 quibus
854 2512 884 2566 lit
901 2512 984 2566 multo
999 2518 1065 2568 terra

279 2586 443 2644 secundior?
474 2586 544 2646 Quid
564 2587 596 2642 de
610 2589 722 2643 utilitate
740 2589 829 2658 loquar
845 2589 1026 2645 stercorandi?
1055 2591 1061 2597 '

318 2663 345 2716 in
367 2682 397 2717 eo
420 2661 493 2726 libro,
514 2681 587 2732 quem
612 2663 642 2716 de
663 2663 736 2716 redas
755 2667 861 2718 masticis
881 2663 988 2732 scripsi:
1014 2666 1047 2720 de

320 2739 409 2793 doctus
424 2737 554 2793 Hesiodus
567 2757 599 2792 ne
611 2738 715 2792 verbum
729 2739 829 2808 quidem
842 2738 910 2806 lecit,
923 2757 1005 2809 quum
1021 2741 1048 2797 dc

320 2820 378 2866 tura
394 2815 449 2884 agri
465 2813 594 2869 scriberet.
630 2816 666 2866 At
684 2815 820 2879 Homerus,
834 2815 877 2885 qui
895 2815 993 2881 multis,
1009 2825 1039 2872 ut

321 2888 428 2954 videtur,
456 2895 516 2945 ante
544 2888 642 2945 saeculis
666 2889 723 2954 luit,
748 2890 866 2959 Lartem,
890 2890 1028 2949 lenientem
