2575 3367
492 318 560 367 LIB.
579 318 630 367 111.
650 319 724 366 CAP.
742 323 782 370 83.
988 323 1032 369 141

171 396 175 451 l
229 428 359 484 libidines
371 431 456 482 antem
469 429 663 484 consectatrices
673 429 820 499 voluptatis.
857 430 1090 499 Atqneinhisllt

231 508 329 560 tamen
340 504 423 558 tribus
438 504 581 575 generibus,
594 514 695 575 quoquo
711 505 787 559 modo
805 512 920 575 possunt,
933 525 984 560 non
996 508 1034 562 in·

231 579 331 636 callide
343 580 551 651 tergiversantur.
582 581 756 635 Prudentiam
768 580 941 646 introducunt,
954 587 1034 637 eciem

231 659 303 712 tiam
315 657 516 727 suppeditantem
524 657 671 726 voluptates,
678 658 842 727 depelmmtem
852 657 954 712 dolores.
966 659 1034 711 For-

231 734 381 790 titudinem
390 752 489 806 quoqne
502 734 585 804 aliquo
597 734 672 789 modo
684 734 830 805 expediunt,
840 753 917 805 quum
927 735 1033 791 tradunt

232 814 369 866 ratiomem
381 810 534 881 amplipeada
545 813 642 875 mortis,
654 811 817 880 perpetiaadi
828 812 931 864 doloris.
948 812 1033 865 Etiam

233 888 432 955 temperantiam
449 885 581 950 inducunt,
599 903 652 939 non
669 886 788 940 facillima
808 887 845 940 illi
863 887 971 957 quidem,
987 887 1033 942 sed

233 967 336 1028 tamen,
348 979 449 1032 quoquo
458 961 533 1016 modo
545 964 661 1030 possunt.
696 962 795 1016 Dicunt
807 963 882 1028 enim,
895 965 1033 1033 uoluptatis

232 1037 446 1105 meapmitadiaem
458 1040 553 1092 doloris
564 1038 716 1092 detractione
719 1039 807 1108 fiairi.
838 1039 856 1092 J
857 1039 946 1092 ustitia
959 1039 1032 1094 vacil-

231 1115 283 1178 lat,
293 1113 334 1168 vel
343 1113 412 1184 jacet
423 1113 517 1184 potius,
530 1131 668 1184 omnesque
679 1133 716 1168 eae
728 1114 844 1178 virtutes,
858 1133 914 1184 quae
926 1115 954 1169 in
965 1133 1032 1169 com·

171 1256 174 1265 y
231 1189 366 1246 munitate
390 1192 529 1244 cernuntur
551 1193 578 1244 et
601 1189 629 1243 in
653 1190 774 1245 societate
798 1191 898 1261 generis
920 1191 1030 1246 hnmani.

232 1266 335 1337 Neque
353 1265 419 1320 anim
439 1265 539 1320 bonitas
558 1283 606 1321 nec
628 1264 766 1320 liberalitas
783 1284 831 1320 nec
851 1266 956 1321 comitas
974 1284 1030 1322 esse

231 1343 334 1415 potest,
346 1359 398 1394 non
409 1341 466 1411 plus
479 1359 553 1412 quam
566 1341 683 1405 amicitia,
697 1342 720 1396 si
730 1341 784 1396 hac
795 1359 847 1395 non
859 1360 904 1412 per
916 1360 943 1395 se
955 1360 1030 1411 erpe-

231 1421 337 1482 tantur,
347 1417 392 1472 sed
404 1416 436 1471 ad
446 1416 602 1486 voluptatem
614 1418 785 1472 utilitatemve
797 1418 947 1473 reserantur.
966 1418 1030 1471 Con·

231 1494 351 1550 seramus
369 1493 449 1564 igitur
469 1493 496 1547 in
513 1511 602 1564 pauca.
638 1493 707 1547 Nam
727 1497 758 1547 ut
776 1493 915 1548 utilitatem
935 1493 1085 1556 nullamne

232 1588 296 1628 esse
314 1569 524 1639 docuimusque
539 1569 669 1624 honestati
681 1574 749 1624 esset
767 1569 907 1624 contraria:
929 1570 965 1624 sic
977 1588 1031 1623 om·

232 1665 297 1705 nem
306 1645 464 1715 voluptatem
477 1645 584 1699 dicimus
591 1646 720 1700 honestati
729 1664 784 1700 esse
796 1645 957 1700 contrariam.
970 1647 1030 1705 Quo

232 1722 321 1793 magis
334 1721 553 1791 reprehendendos
567 1721 741 1791 Calliphonem
758 1727 783 1776 et
796 1722 980 1775 Dinomachum
990 1721 1031 1791 ju-

234 1798 303 1863 dico,
319 1798 362 1868 qui
381 1816 408 1851 sc
426 1796 596 1866 dirempturos
614 1798 810 1853 controversiam
829 1802 992 1866 putavenmt,
1008 1797 1031 1851 si

233 1869 298 1932 cum
309 1875 444 1928 honestate
456 1873 614 1945 voluptatem
627 1877 755 1944 tamqnam
772 1892 830 1929 cum
842 1873 941 1927 homine
955 1890 1031 1940 pecu·

235 1952 297 2006 dem
316 1950 510 2021 copulavissent.
547 1950 609 2004 Non
627 1951 716 2020 recipit
734 1950 810 2004 istam
828 1948 1032 2018 conjunctionem

233 2027 368 2091 honestas,
382 2030 540 2096 aspernatur,
553 2025 661 2095 repellit.
692 2027 749 2080 Nec
760 2045 820 2080 vero
829 2026 887 2079 finis
899 2024 1030 2088 bonorum,

235 2106 278 2176 [et
297 2101 440 2172 malorum}
454 2103 499 2174 qui
517 2102 623 2172 simplex
642 2121 697 2157 esse
718 2101 801 2167 debet,
818 2121 850 2155 ex
869 2099 1031 2154 dissimilibus

235 2179 316 2236 rebus
333 2179 432 2236 misceri
445 2183 471 2233 et
484 2179 619 2249 temperari
631 2183 724 2248 potest.
763 2178 813 2233 Sed
825 2177 916 2232 dehoc
929 2178 1031 2245 (magna
1040 2190 1085 2236 120

235 2255 307 2312 enim
319 2273 360 2310 res
372 2255 423 2323 est)
438 2255 486 2310 alio
498 2255 553 2309 loco
568 2255 690 2324 pluribus.
726 2256 804 2310 Nunc
820 2253 853 2308 ad
864 2252 1030 2323 propositum.

236 2329 462 2395 Quemadmodum
480 2331 567 2401 igitur,
581 2331 603 2385 si
619 2331 720 2401 quando
732 2350 769 2396 ea,
783 2351 839 2402 quae
850 2330 951 2384 videtur
962 2328 1031 2383 utili-

235 2405 287 2474 as,
306 2406 436 2461 honestati
453 2410 586 2477 repugnat,
604 2406 766 2476 dijudicanda
784 2426 824 2461 ros
846 2407 887 2470 sit,
908 2406 970 2459 satis
991 2408 1031 2459 est

237 2502 318 2556 supra
329 2483 495 2552 disputatum.
532 2484 577 2537 Sin
593 2487 678 2538 autem
697 2485 806 2554 speciem
817 2483 937 2537 utilitatis
954 2482 1031 2535 etiam

236 2560 357 2631 voluptas
370 2559 462 2613 habere
474 2558 581 2624 dicetur,
591 2559 661 2613 nulla
672 2564 758 2629 potest
770 2577 825 2613 esse
838 2559 862 2612 ei
874 2576 931 2611 cum
940 2558 1031 2609 hones·

238 2639 293 2693 tate
305 2635 460 2705 conjunctio
496 2634 571 2699 Nam,
585 2638 615 2688 ut
627 2635 769 2689 tribuamus
786 2632 880 2703 aliquid
896 2631 1030 2699 voluptati,

240 2710 398 2769 condimenti
415 2711 524 2765 sortasse
544 2711 667 2776 nonnihil,
681 2711 800 2765 utilitatis
821 2712 890 2762 certe
907 2706 971 2760 nihil
990 2706 1031 2759 ha-

241 2786 318 2845 babit.

171 2848 182 2915 ff
275 2863 365 2918 Habes
383 2880 399 2916 a
416 2864 489 2933 patre
506 2879 606 2927 munus,
620 2863 711 2916 Marce
728 2860 771 2928 fili,
783 2876 839 2913 mea
855 2857 957 2928 quidem
974 2865 1085 2912 sen-121
