2575 3367
268 314 314 362 182
550 310 599 359 Du
616 309 771 358 ostiens

265 422 374 478 officium
389 439 441 476 nou
455 419 569 476 reddere.
605 420 677 481 Quid
684 421 700 476 P·
715 419 739 474 si
749 420 780 485 is,
795 421 840 491 qui
851 420 922 491 apud
938 423 967 476 te
985 439 1038 492 pest

265 500 332 552 niam
348 497 502 569 deposuerit,
517 496 612 552 bellum
627 496 721 551 inierat
735 495 833 566 patrie,
844 495 970 552 reddasne
988 497 1038 566 dep(

265 574 362 629 situm?
398 573 467 641 Non,
479 571 571 629 oredo:
595 572 674 628 faoins
692 571 758 626 enim
771 575 875 627 oontmr
886 573 1038 644 empublioan

265 670 322 723 quae
334 649 409 706 debet
421 668 477 706 esse
488 648 624 705 carissima
661 647 705 703 sis
721 646 811 713 mults,
823 666 881 718 quae
899 648 1007 704 honesta
1017 667 1038 704 na

265 731 326 782 tura
337 727 456 782 videntur
467 744 531 791 esse,
543 723 700 796 temporibus
714 723 780 778 fiunt
796 741 849 779 non
860 724 979 781 honesta.
1012 727 1038 779 u

265 820 323 858 eere
340 803 470 873 promissa,
486 806 553 856 mane
570 801 710 866 conventis,
726 798 833 856 reddere
849 799 977 872 deposita,
994 819 1038 856 oon

266 884 364 935 mutata
377 879 497 945 utilitate,
506 879 572 933 fiunt
586 896 640 933 non
656 877 769 932 honeste
804 878 844 933 Ae
856 877 889 933 de
905 879 938 933 iis
950 879 1038 951 quiden

266 975 323 1027 quae
343 954 463 1010 videntur
480 973 536 1010 esse
554 957 678 1009 utilitates
694 957 783 1009 eontra
795 953 942 1023 justitiam,
961 955 1038 1011 simub

266 1032 336 1087 tione
346 1032 497 1103 prudentie,
509 1031 570 1086 satis
582 1031 692 1086 arbitror
704 1030 809 1086 dietum.

227 1114 258 1162 96
302 1110 353 1165 Sed
364 1111 481 1181 quoniam
493 1109 744 1181 aquataarsaatibus
754 1108 896 1163 insumatis
903 1108 987 1180 primo
995 1107 1038 1163 hbr

266 1187 347 1243 officia
358 1187 484 1254 duximus,
492 1188 520 1241 iu
531 1184 625 1240 eisdem
637 1185 800 1251 versabimur,
811 1203 890 1256 quum
903 1184 1038 1241 dooebimu

266 1282 305 1331 ea,
316 1283 373 1336 quae
383 1263 503 1320 videntur
514 1280 569 1318 esse
584 1261 665 1327 utilis,
678 1279 761 1333 neque
776 1264 844 1329 sunt,
856 1279 935 1332 quam
947 1262 999 1316 sint
1010 1261 1038 1316 vt

266 1341 331 1396 tutis
354 1341 464 1398 inimica.
498 1340 538 1394 Ao
558 1337 589 1393 de
607 1338 749 1410 pmdeatia
769 1336 879 1409 quidem,
903 1355 980 1409 quam
1005 1355 1037 1392 nu

266 1417 360 1472 imitari
378 1419 488 1480 analitia,
509 1415 621 1486 itemque
640 1414 672 1468 de
685 1413 797 1483 justitia,
819 1431 878 1484 quas
898 1431 999 1484 semper
1019 1431 1038 1467 et

266 1493 345 1557 utilis,
357 1493 514 1562 disputatum
526 1494 574 1545 est.
603 1489 719 1561 Reliqua
731 1493 791 1545 sunt
803 1487 860 1544 dua
872 1494 960 1560 partes
971 1490 1038 1545 hone

266 1567 336 1632 tetis,
350 1585 455 1637 quarum
474 1566 595 1621 alterata
618 1569 705 1621 animi
719 1567 862 1620 enatantis
877 1566 1038 1636 mandalia

266 1652 289 1696 et
295 1645 448 1711 prestantia
460 1643 579 1708 cernitur,
593 1641 673 1697 ultera
688 1641 715 1697 in
726 1642 930 1713 mnsfarmatioae
941 1652 965 1698 et
979 1641 1038 1696 mad

267 1721 367 1772 ratione
377 1720 542 1773 seminaritia
552 1729 576 1773 at
586 1721 764 1788 temperantia.

227 1797 258 1847 ot
302 1794 401 1849 XXVL
419 1795 491 1850 Utile
506 1794 640 1850 videbatur
652 1794 731 1861 Ulixi,
742 1797 773 1847 ut
788 1792 891 1864 quidem
906 1797 991 1864 poete
1007 1795 1038 1848 tn

266 1869 317 1941 giei
328 1871 507 1941 prodiderunt:
526 1875 596 1935 (nam
609 1870 677 1940 apud
692 1871 843 1935 Homerum,
856 1869 984 1940 optimum
1000 1886 1038 1924 au(

266 1952 356 2016 torem,
368 1947 426 2003 tuiis
441 1945 472 2001 de
487 1946 566 2002 Ulixe
583 1946 653 2000 nulla
670 1945 779 2016 suspicio
798 1948 838 2000 est
848 1951 868 2012 ε)
887 1946 935 2001 sed
954 1946 1038 2002 insimn

266 2021 321 2077 lant
337 2042 395 2078 eum
413 2022 550 2094 tragoediae,
568 2022 727 2077 simulatione
744 2021 847 2076 insaniae
865 2021 983 2077 militiam
1002 2022 1038 2078 sul

266 2099 396 2171 terfugere
408 2100 526 2154 voluisse.
550 2098 612 2153 Non
623 2099 758 2152 honestum
770 2096 910 2153 eonsilium.
938 2101 975 2154 At
987 2100 1038 2154 utile

268 2175 310 2244 (ut
329 2175 418 2246 aliquis
435 2177 544 2231 fortasse
562 2175 674 2244 dixerit)
693 2191 798 2245 regnare
817 2177 843 2227 et
862 2174 960 2231 Ithace
974 2177 1038 2231 niven

268 2250 348 2304 otiose
360 2269 418 2305 cum
430 2251 584 2321 parentibus,
596 2269 654 2305 oum
666 2268 752 2314 uxore,
766 2266 822 2304 oum
836 2249 896 2305 filio.
928 2252 1018 2307 Ullum
1028 2255 1038 2306 t

268 2324 345 2379 decus
357 2326 384 2380 in
393 2327 545 2396 quotidianis
555 2327 683 2382 laboribus
695 2330 721 2381 et
734 2326 852 2396 perieulis
862 2345 919 2381 eum
930 2327 979 2384 han
991 2333 1038 2383 trau

268 2401 393 2471 quillitate
405 2403 583 2457 eonferendum
596 2405 690 2473 putas?
717 2403 774 2473 Ego
786 2421 845 2457 vero
857 2402 935 2457 istam
948 2410 1038 2460 conten

268 2477 375 2533 nondam
388 2485 414 2534 et
429 2478 599 2549 abjiciendam,
612 2479 738 2549 quoniam,
753 2497 808 2548 quae
825 2478 935 2533 honesta
950 2499 1003 2535 non
1018 2481 1038 2535 si

229 2570 259 2616 98
268 2574 301 2610 ne
313 2555 400 2610 utilem
413 2556 513 2626 quidem
526 2573 581 2610 esso
594 2554 710 2609 arbitror.
746 2553 817 2613 Quid
832 2554 898 2610 enim
911 2556 1038 2611 auditurus

269 2637 344 2702 putas
356 2633 435 2687 inisse
446 2633 556 2696 Ulixem,
570 2631 591 2684 si
604 2631 631 2684 in
642 2631 685 2685 illa
701 2630 860 2684 simulatione
876 2633 1038 2700 perseveravi:

270 2710 328 2762 set?
347 2709 397 2778 qui,
418 2727 495 2779 quum
515 2706 635 2761 maximas
653 2725 694 2762 res
711 2707 820 2777 gesserit
837 2706 958 2776 inbelle,
975 2713 1038 2763 tame

269 2783 322 2839 hac
335 2783 420 2838 audiat
432 2784 464 2839 ab
476 2785 570 2854 Ajace:
