2575 3367
439 325 505 372 LlB.
525 324 577 371 III.
598 323 671 371 CAP.
690 325 729 379 31,
743 327 780 371 32.
961 326 1011 372 139

220 454 330 506 magnus
347 435 386 489 vir
403 433 535 503 inprimis
553 436 579 487 et
598 433 642 502 qui
663 433 842 504 perindulgens
861 434 888 488 iu
905 437 1011 504 patrem,

219 513 287 568 idem
301 511 390 566 acerbe
403 530 505 566 severus
518 511 545 565 in
556 511 643 565 filium.

255 588 371 643 XXXII.
389 587 446 652 Sed,
459 591 489 641 ut
506 587 647 642 laudandus
660 588 777 659 Regulus
794 588 822 641 in
839 588 1010 642 conservando
1020 592 1067 639 113

214 664 390 736 jurejurando,
404 665 440 719 sic
458 663 546 719 decem
561 663 605 727 illi,
619 682 683 734 qnos
702 669 761 734 post
773 666 930 724 Cannensem
946 683 1011 734 pug-

217 759 278 796 nam
288 742 387 811 juratos
399 740 431 795 ad
443 744 558 795 senatum
570 741 639 794 misit
651 741 788 810 Hannibal,
800 760 827 795 se
838 741 867 795 in
878 744 961 795 eastra
972 759 1010 795 re·

216 818 320 874 dituros
332 835 368 882 es,
377 834 484 887 qnorum
497 817 572 886 potiti
584 821 657 871 erant
666 818 804 885 Poeni,nisi
816 817 847 872 de
858 816 1010 872 redimendis

216 893 327 962 captivis
344 892 555 963 impetravissent,
575 893 598 947 si
617 910 670 946 nou
690 893 828 959 redierunt,
840 893 1010 964 vituperandi.

215 969 261 1024 De
273 969 364 1040 quibus
376 988 427 1024 non
438 988 525 1024 omnes
537 987 589 1024 uno
601 969 684 1023 modo.
710 970 777 1024 Nam
789 970 917 1041 Polybius,
927 970 1009 1025 bouus

214 1049 310 1101 auctor
321 1046 348 1100 in
359 1046 454 1116 primis,
467 1064 500 1100 ae
514 1046 597 1100 bearn
612 1046 788 1109 nobilissimis,
800 1050 847 1117 qni
861 1056 918 1100 tnrn
933 1058 1009 1101 erant

214 1122 302 1187 missi,
320 1139 410 1176 norem
430 1124 563 1186 revertisse,
583 1139 601 1174 a
621 1131 712 1175 senata
730 1141 757 1176 rc
776 1140 832 1176 non
853 1125 1007 1191 impetrata:

214 1215 310 1260 smnrn,
329 1197 373 1268 qai
390 1197 473 1267 paullo
494 1201 560 1268 post,
578 1215 653 1267 quem
671 1215 788 1268 egressus
805 1201 860 1252 erat
878 1216 892 1252 e
911 1198 1008 1263 castris,

214 1271 336 1337 redisset,
350 1274 422 1344 quasi
434 1272 528 1345 aliquid
544 1277 613 1328 esset
630 1273 733 1338 oblitus,
747 1276 835 1327 Itcrna
847 1274 1008 1328 remansisse.

214 1349 316 1406 Reditu
334 1351 401 1404 enim
420 1351 448 1405 in
464 1354 548 1405 castra
564 1350 699 1406 liberatum
719 1369 747 1404 se
764 1368 820 1404 esse
833 1349 1008 1419 jurejurando,

213 1426 447 1494 interpretabatur;
466 1444 518 1481 uon
536 1430 620 1492 recte3
640 1426 711 1480 fraus
730 1426 796 1480 enim
816 1426 943 1495 astringit,
956 1442 1007 1479 non

214 1502 334 1557 dissolvit
352 1502 499 1572 perjurium.
536 1502 597 1558 Fuit
612 1503 693 1574 igitur
710 1503 790 1557 stulta
807 1502 937 1567 calliditas,
951 1520 1005 1573 per·
1019 1513 1065 1560 114

213 1596 292 1634 verse
303 1577 403 1632 imitata
415 1577 581 1648 prudentiam.
619 1580 711 1648 Itaque
723 1579 836 1634 decrevit
853 1582 963 1644 senatus,
976 1584 1007 1634 ut

212 1653 259 1711 ille
272 1657 400 1708 veterator
412 1658 442 1709 et'
450 1654 554 1711 callidus
566 1655 668 1711 vinctus
681 1655 713 1710 ad
722 1655 890 1712 Hannibalem
903 1655 1007 1710 ducere·

212 1735 268 1787 tur.
306 1730 357 1785 Sed
371 1730 434 1785 illud
448 1732 591 1786 maximum.
628 1733 695 1788 Octo
707 1733 837 1788 bominum
848 1732 926 1786 millia
937 1739 1006 1787 tene·

212 1807 261 1863 bat
270 1805 406 1872 Hannibal
416 1825 468 1861 non
479 1826 542 1878 quos
554 1809 582 1862 in
593 1808 646 1863 acie
658 1809 775 1879 cepisset,
785 1813 830 1863 aut
839 1809 883 1879 qui
894 1808 1006 1878 periculo

212 1883 306 1939 mortis
323 1882 490 1954 diffugissent,
503 1884 548 1939 sed
565 1885 607 1955 qui
624 1885 707 1940 relicti
721 1886 749 1940 in
764 1885 854 1940 castris
866 1885 974 1939 luissent
991 1901 1006 1937 a

212 1959 307 2015 Paullo
318 1962 345 2013 et
356 1959 471 2017 Varrone
483 1961 635 2016 consulibus.
662 1962 715 2016 Eos
727 1968 830 2016 senatus
842 1979 894 2015 non
905 1960 1005 2014 censuit

212 2033 383 2099 redimendos,
394 2055 472 2106 quum
480 2036 507 2090 id
516 2055 593 2106 parva
601 2038 708 2106 pecunia
716 2038 770 2092 fieri
777 2039 879 2106 posset3
897 2039 927 2089 ut
936 2039 1005 2089 esset

212 2109 320 2167 insitum
337 2112 459 2166 militibus
476 2114 577 2178 uostris,
591 2117 635 2167 aut
649 2114 748 2168 vincere
765 2117 809 2167 aut
824 2112 909 2167 emori.
948 2113 1004 2178 Qec

212 2187 318 2258 paridem
329 2205 356 2240 re
367 2189 464 2255 aedita,
469 2189 591 2258 fractam
603 2193 724 2244 animans
736 2188 903 2255 Hannibalis,
915 2188 1003 2241 scribit
1015 2195 1060 2242 llb

210 2263 288 2328 idem,
303 2264 369 2333 quod
378 2275 482 2320 serratas
490 2267 650 2336 papulasque
662 2267 798 2320 immanere
813 2264 886 2319 rebar
902 2265 1004 2335 afflr'etis

210 2349 268 2394 tarn
279 2341 374 2393 sncclsa
385 2344 582 2408 animcfnisset.
613 2342 655 2397 Sic
664 2342 804 2397 honestatis
816 2342 1003 2410 comparatione

210 2433 251 2478 aa„
262 2433 320 2486 quse
332 2414 450 2470 videntur
465 2417 545 2483 utilia,
559 2417 704 2472 vincuntur.
740 2418 837 2472 Acilius
853 2423 946 2485 autem,
959 2418 1003 2486 qui

212 2491 303 2547 Gracc
315 2490 416 2560 scripsit
430 2492 568 2557 historiam,
576 2496 663 2562 plnres
674 2493 711 2548 ait
713 2497 807 2563 fnisse,
817 2493 865 2563 qni
876 2494 908 2545 s'n
919 2504 1002 2547 castra

210 2569 377 2632 revertisses,
390 2567 471 2622 ecdem
479 2569 586 2638 frande,
598 2578 628 2623 nt
633 2569 808 2638 jurejarando
823 2568 1002 2631 liberarentur,

210 2658 297 2712 eosqroe
316 2659 334 2694 a
355 2643 497 2698 censoribus
517 2645 630 2699 omnibns
648 2646 804 2716 ipncrnr'niis
821 2653 925 2697 notatas.
962 2645 1001 2698 Sit

209 2717 262 2788 ism
274 2718 351 2788 hujus
363 2718 412 2772 loci
423 2719 487 2774 finis.
524 2720 690 2790 Perspicuum
703 2725 743 2776 est
755 2721 829 2782 enim,
843 2736 900 2788 quas
911 2719 1001 2773 timido

211 2794 303 2859 mimo,
323 2794 419 2858 humili,
439 2795 547 2850 demisso
567 2796 697 2866 fractoque
717 2797 787 2858 fiant,
806 2794 890 2864 (quale
910 2795 1002 2848 luisset

213 2869 307 2941 Reguli
321 2870 426 2936 iactum,
440 2871 463 2925 si
480 2875 524 2926 aut
543 2871 575 2926 de
591 2873 705 2942 captivis,
719 2870 787 2942 quod
802 2870 850 2925 sibi
867 2888 931 2940 opus
946 2888 1002 2926 esse
