2575 3367
391 317 440 366 DE
460 316 638 366 AMICITIA.
668 315 744 366 cAP.
761 319 799 365 25.
960 319 993 367 89

199 446 265 484 vere
278 427 401 492 amititia,
413 428 557 482 stulterum
569 427 648 483 libere
660 427 751 494 faeere,
760 445 812 482 uon
824 445 919 498 aspere,
929 427 993 483 alts-

195 525 251 562 rum
265 506 391 576 patienter
401 506 521 570 aooipere,
532 524 583 560 nou
592 509 778 575 repugnanter:
798 505 835 559 sio
847 504 990 560 habendum

196 586 244 647 est,
253 582 346 636 nullam
355 582 381 635 in
389 582 506 636 amicitiis
515 586 611 652 pestem
620 600 677 636 esse
685 584 813 650 majorem,
823 599 897 651 quum
906 581 992 636 adula-

196 659 299 723 tionem,
314 658 468 723 blanditiam,
482 659 687 712 assentationem.
713 657 837 716 Quamvis
847 657 914 711 enirn
927 658 992 712 mul-

196 735 230 790 tis
242 734 386 789 nominibus
397 739 437 789 est
449 734 497 789 hoo
507 735 596 790 vitium
606 733 746 789 notandum
759 733 851 788 levium
861 733 991 789 hominum

196 816 274 882 atque
286 811 419 876 lallaoium,
434 810 466 863 ad
478 811 636 867 voluntatem
653 811 811 880 loquentium
823 811 914 874 omnia,
928 811 991 865 nihil

197 887 229 942 ad
244 887 385 942 veritatem.
423 888 510 946 Quum
528 893 614 941 autem
631 887 744 941 omnium
761 904 845 940 rerum
864 887 1032 945 simulati092

196 968 237 1018 est
253 964 352 1032 vitiosa,
366 963 445 1034 (tollit
457 963 523 1018 enirn
537 963 663 1032 judicium
676 963 738 1026 veri,
750 962 826 1034 idque
844 962 990 1032 adulterat)

196 1044 251 1095 turn
265 1041 380 1096 amicitiae
393 1044 519 1111 repugnat
535 1039 651 1094 maxime.
680 1039 758 1094 Dolet
770 1039 835 1093 enim
848 1040 990 1106 veritatem,

197 1118 252 1172 sine
264 1135 314 1187 qua
326 1135 417 1171 nomen
430 1116 545 1171 amisitiae
555 1116 638 1170 valere
650 1134 702 1170 non
715 1120 806 1186 potest.
832 1116 900 1170 Nam
913 1135 990 1187 quum

197 1193 314 1248 amicitiae
325 1194 364 1248 vis
377 1193 411 1248 sit
423 1194 449 1248 in
461 1211 499 1257 eo,
512 1197 542 1247 ut
553 1211 620 1247 uuus
633 1192 707 1265 quasi
719 1193 817 1246 animus
833 1192 879 1246 fiat
892 1210 924 1247 ex
936 1193 991 1262 plu·

197 1270 282 1325 ribus:
302 1269 346 1340 qui
358 1269 385 1324 id
396 1270 451 1323 fieri
467 1269 570 1339 poterit,
584 1269 607 1323 si
623 1287 656 1323 ns
673 1268 701 1323 in
712 1286 763 1321 uuo
776 1267 878 1339 quIdem
891 1286 991 1339 quoque

197 1365 264 1401 unus
281 1346 378 1401 animus
395 1347 444 1400 erit
460 1345 577 1416 idemque
589 1363 695 1415 semper,
708 1344 753 1398 sed
769 1344 862 1409 varius,
880 1361 991 1398 eommu-

196 1423 290 1490 labilis,
302 1422 454 1492 multiplex?
481 1421 550 1487 Quid
562 1421 628 1476 enim
641 1424 726 1491 potest
740 1437 795 1474 esse
807 1425 859 1474 tam
872 1420 989 1485 flexibile,
999 1428 1030 1475 93

197 1506 250 1556 tam
270 1499 379 1564 devium,
398 1518 472 1571 quam
491 1499 588 1553 unimus
610 1502 674 1568 ejus,
697 1498 741 1568 qui
762 1497 794 1552 ad
815 1498 918 1552 alterius
939 1516 991 1554 nou

197 1577 273 1631 modo
291 1594 393 1632 sensum
411 1594 441 1630 ae
458 1575 624 1641 voluntatem,
642 1574 688 1630 sed
705 1574 783 1629 etiam
798 1574 897 1630 vultum
914 1578 990 1647 atque

197 1657 291 1708 nutum
303 1653 460 1708 convertitur
470 1653 480 1706 l
990 1664 992 1667 ·

256 1753 332 1814 Nepae
354 1754 420 1814 qaia?
446 1768 514 1813 nepo:
539 1753 590 1797 ait?
615 1742 665 1797 dio:
687 1755 797 1811 postremo
816 1752 923 1811 amporam
941 1767 987 1812 epo·

544 1819 589 1862 met
623 1817 652 1830 '‘

259 1883 471 1930 Omniaussentdn':
597 1817 658 1871 m

198 1975 227 2026 ut
240 1970 276 2024 sit
287 1970 353 2025 idem
366 1970 514 2035 Terentium
534 1969 578 2024 sed
590 1969 632 2025 ille
648 1968 697 2024 sub
710 1967 851 2023 Gnathonis
868 1985 989 2039 persona:

198 2046 265 2119 quod
278 2047 350 2100 amiel
363 2065 443 2117 genus
456 2046 581 2111 adhibere,
594 2047 697 2101 omuino
709 2045 820 2101 levitatis
832 2049 879 2100 est.
909 2045 988 2100 Multi
999 2055 1031 2102 aa

199 2130 283 2179 autern
309 2123 471 2176 Gnathonum
491 2122 585 2177 similes
608 2142 687 2192 quum
711 2122 770 2190 sint,
793 2122 856 2190 loeo,
877 2121 987 2188 fortuna,

198 2201 266 2254 fama
282 2199 437 2268 superiores:
460 2199 548 2253 horum
567 2202 607 2253 est
624 2199 761 2254 assentatio
779 2199 893 2263 molesta,
911 2217 987 2270 quum

198 2274 376 2331 advanitatem
389 2275 651 2331 aeeessitauetoritas.
677 2276 779 2331 Secerni
788 2280 873 2330 autem
881 2275 987 2330 blandus
997 2285 1028 2334 96

199 2352 294 2408 amicus
313 2368 328 2404 a
344 2369 404 2406 vero
422 2355 448 2406 et
466 2351 603 2407 internosci
620 2356 673 2407 tam
691 2356 784 2423 potest,
802 2351 916 2407 adhibita
933 2352 989 2408 dili-

199 2429 293 2501 gentia,
305 2445 379 2497 quam
393 2429 476 2482 omnia
488 2429 574 2483 suoata
590 2431 616 2483 et
632 2428 777 2483 simulatas
792 2428 896 2483 sinceris
911 2432 988 2500 atque
1027 2422 1031 2430 ¹

198 2506 273 2562 veris.
311 2503 413 2568 Coneio,
433 2522 489 2575 qus
509 2522 542 2559 ex
561 2505 754 2576 imperitissimis
775 2508 883 2569 oonstat,
902 2506 987 2558 tamen

195 2583 310 2654 judieare
335 2581 407 2648 solet,
429 2581 489 2653 quid
510 2582 611 2637 intersit
634 2582 702 2637 inter
724 2580 878 2652 popularem,
897 2579 924 2634 id
947 2583 987 2635 est

198 2662 380 2715 assentatorem
399 2661 425 2712 et
440 2659 518 2714 lesem
538 2658 625 2723 eirem,
638 2662 666 2713 st
683 2659 750 2713 inter
767 2660 933 2723 constantem,
948 2655 991 2712 sess

198 2754 286 2791 verum
298 2737 325 2788 et
337 2753 447 2806 gravem.
484 2733 586 2794 Quibus
598 2733 726 2789 blanditiis
739 2734 766 2787 O.
775 2732 892 2803 Papirius
906 2751 987 2804 nuper

198 2811 319 2867 influebat
331 2810 358 2864 in
374 2828 448 2865 aures
465 2810 600 2876 eoneiouis,
613 2829 691 2881 quum
706 2810 784 2864 ferret
799 2808 880 2881 legem
896 2809 928 2864 de
941 2809 992 2864 tri-⁴¹

198 2887 273 2946 bunis
286 2886 370 2958 plebis
387 2886 545 2943 reficiendist
576 2885 750 2942 Diseussimus
767 2903 821 2941 nos.
859 2886 910 2941 Sed
924 2885 1026 2944 nihilst
