2575 3367
260 315 292 360 40
585 305 724 355 LAELlUS

261 418 318 469 tiar.
356 416 461 467 Moscor
473 413 539 467 eninr
556 412 601 466 tali
619 412 700 465 amico
715 409 830 473 orbatus,
843 408 936 479 qualis,
949 411 981 462 ut
993 405 1051 462 arbi·

262 502 324 555 tuor,
336 509 409 544 nemo
421 509 540 560 umquam
556 489 622 552 erit;
641 495 671 540 nt
688 488 836 541 confirmare
854 503 968 554 possum,
986 500 1052 539 nemo

263 573 332 622 certe
343 568 399 620 suit.
425 566 473 620 Sed
483 585 533 619 non
545 582 608 634 egeo
620 563 760 628 medicina;
778 579 819 616 me
830 562 888 631 ipse
898 561 1022 625 consolor,
1031 564 1053 614 et

263 644 371 697 ruauime
384 643 426 697 illo
438 642 535 707 solatio,
544 641 611 711 quod
624 659 655 694 ec
667 657 752 694 errore
764 656 845 702 careo,
857 656 910 708 quo
921 639 1053 692 amicornm

264 720 369 773 decessu
382 720 494 789 plerique
507 718 565 787 angi
578 716 668 771 solent
700 715 772 770 Nihil
784 715 851 769 enim
866 715 926 768 mali
939 714 1054 770 accidisse

265 797 376 864 Scipioni
389 806 458 863 puto.
478 793 544 849 Mihi
556 793 656 856 accidit,
670 793 692 846 si
704 790 766 861 quid
777 790 887 845 accidit:
907 791 963 845 suis
975 796 1054 845 auten

263 870 428 925 mururmodis
449 870 560 939 graviter
580 870 648 939 augi,
668 886 720 922 non
740 868 857 934 amicum,
880 867 926 921 sed
948 868 1055 937 seipsum

226 964 253 1008 11
265 947 371 1000 amomis
384 952 431 999 est.
463 946 528 999 Cum
541 945 583 1000 illo
597 964 657 999 vero
669 944 725 1015 quis
737 948 815 1014 neget
828 951 916 997 actum
928 962 987 998 esse
998 961 1056 1014 pra·

264 1023 348 1076 clare?
385 1021 443 1075 Nisi
455 1021 530 1086 enim,
543 1021 608 1091 quod
627 1021 670 1075 ille
686 1020 787 1074 minima
799 1019 916 1089 putabat,
929 1020 1055 1074 immorta-

264 1100 361 1153 litatem
374 1105 461 1168 optare
473 1096 556 1161 vellet,
571 1097 631 1167 quid
643 1115 695 1150 non
706 1103 746 1149 est
756 1095 872 1166 adeptus,
883 1095 954 1165 quod
966 1094 1056 1151 bomini

265 1177 304 1229 l'as
316 1179 383 1229 esset
399 1174 508 1244 optaret
526 1174 570 1243 qui
588 1190 712 1226 summam
728 1190 798 1241 spem
817 1172 920 1236 civium,
934 1190 1011 1242 quam
1028 1170 1056 1224 de

266 1270 296 1305 eo
306 1253 356 1321 jam
370 1270 448 1322 puero
460 1250 608 1316 habuerant,
620 1248 741 1302 continuo
757 1247 906 1302 adolescens
918 1246 1056 1303 incredibili

266 1329 362 1381 virtute
381 1327 525 1397 superavit;
551 1325 595 1395 qui
616 1324 777 1378 consulatum
795 1323 889 1393 petivit
912 1342 1056 1395 numquam,

266 1405 351 1458 sactus
363 1411 403 1458 est
415 1403 504 1457 cousul
516 1401 554 1456 bis
564 1424 571 1468 ;
590 1406 697 1470 primum
711 1404 771 1455 ante
782 1403 893 1469 tempus,
905 1400 1000 1454 iterum
1012 1398 1056 1454 sibi

267 1462 313 1533 siro
325 1486 445 1547 tempore,
459 1477 602 1547 reipublice
615 1495 686 1547 paene
698 1494 754 1530 sero
761 1498 769 1542 ς
788 1477 833 1546 qui
845 1475 945 1530 duabus
955 1476 1056 1531 urbibus

222 1597 227 1605 .
267 1555 360 1608 eversis
373 1555 550 1607 inimicissimis
569 1554 628 1607 huie
644 1553 750 1622 imperio
765 1570 817 1606 non
829 1552 905 1606 modo
918 1553 1057 1622 prasentia,

266 1649 354 1685 verum
367 1630 442 1683 etiam
455 1630 543 1683 sutura
554 1629 620 1683 bella
631 1629 732 1684 delevit.
762 1629 833 1687 Quid
845 1628 927 1683 dicam
940 1629 973 1684 de
984 1629 1054 1684 mori·

190 1731 195 1743 ·
267 1707 314 1762 bus
330 1706 461 1773 facillimis,
474 1706 505 1760 de
523 1706 617 1776 pietate
635 1706 662 1759 in
678 1710 792 1769 mairem,
805 1704 959 1759 liberalitate
975 1706 1003 1759 in
1019 1722 1053 1759 sc

267 1803 344 1849 rores,
359 1784 471 1839 bonitate
489 1783 516 1836 iu
532 1801 598 1849 suos,
607 1781 710 1850 justitia
725 1781 751 1835 in
769 1783 877 1835 omnes?
914 1783 985 1835 Nota
1000 1785 1057 1836 sunt

267 1861 346 1914 vobis.
383 1860 466 1919 Quam
479 1865 564 1912 autem
576 1859 673 1912 civitati
686 1875 759 1911 carus
771 1858 857 1921 fuerit,
870 1875 977 1912 maerore
989 1858 1055 1912 fune-

267 1938 302 1990 ris
316 1937 452 1990 iudicatum
465 1943 511 1989 est.
533 1934 602 1992 Quid
615 1934 694 2003 igitur
705 1933 773 1988 hune
785 1951 923 2003 paucorum
936 1951 1055 1988 annorum

268 2014 378 2066 accessio
388 2015 477 2081 juvare
489 2011 635 2080 potuisset?
666 2011 790 2064 Senectus
801 2010 868 2064 enim
882 2012 998 2081 quamvis
1009 2027 1056 2064 nou

267 2089 300 2140 sit
313 2090 404 2157 gravis,
419 2097 449 2142 ut
468 2088 569 2141 momiui
588 2088 710 2140 Catonem
729 2104 795 2140 anno
812 2090 882 2152 ante,
900 2105 976 2158 quarn
995 2105 1057 2141 mor·

267 2169 328 2216 tuus
341 2175 387 2230 cst,
397 2183 494 2219 mecum
508 2176 534 2218 et
543 2183 601 2218 cum
610 2163 726 2232 Scipione
736 2162 867 2228 disserere,
877 2167 965 2219 tamen
977 2165 1059 2218 aufert

228 2251 320 2294 lucam
333 2240 493 2303 viriditatem,
508 2241 531 2293 iu
547 2259 596 2309 qua
607 2240 745 2294 etiamnum
761 2243 816 2293 erat
834 2240 927 2310 Scipio.
964 2242 1057 2300 Quam-

263 2312 351 2369 oircm
367 2314 419 2366 vita
436 2315 536 2382 quidem
555 2316 612 2369 talis
630 2316 679 2368 luit
696 2314 736 2369 vel
750 2314 855 2371 fortuna
870 2317 911 2371 vel
929 2318 1017 2386 gloria,
1029 2323 1057 2370 ut

265 2388 327 2441 uilril
342 2395 426 2456 posset
439 2390 565 2443 accedere.
587 2391 716 2445 Moriendi
728 2399 812 2445 autern
825 2411 930 2447 sensum
944 2395 1056 2450 celeritas

265 2464 387 2530 abstulit;
407 2483 457 2535 quo
470 2465 501 2519 dc
514 2486 606 2535 genere
619 2469 707 2522 mortis
724 2468 822 2522 difficile
835 2468 906 2523 dictu
923 2478 980 2536 est3
1000 2468 1057 2541 quid

266 2541 380 2595 homiues
400 2543 569 2612 suspicentur,
590 2544 690 2598 vidctis.
733 2545 792 2599 lloc
812 2550 900 2600 tamen
920 2567 980 2603 vere
1000 2550 1058 2603 licet

267 2617 358 2684 dicere,
371 2618 401 2672 P.
413 2619 524 2689 Scipioni
542 2639 574 2673 ex
591 2620 678 2673 multis
695 2620 791 2685 diebus,
805 2640 868 2690 quos
885 2623 913 2676 in
924 2625 979 2678 vita
996 2625 1055 2679 eele-

266 2691 388 2747 bcrrimos
401 2695 593 2765 laetissimosque
608 2694 707 2759 viderit,
721 2697 790 2750 illum
808 2697 874 2751 diem
891 2699 1056 2754 clarissimum

264 2767 350 2832 fuisse,
369 2788 446 2838 quum
466 2777 557 2824 senatu
575 2770 678 2823 dimisso
696 2771 797 2825 ‹lomum
815 2774 937 2829 reductus
956 2777 988 2830 ud
1006 2795 1057 2829 ves·

213 2888 218 2896 .
263 2856 351 2906 perum
365 2853 404 2899 est
416 2865 432 2898 a
443 2847 557 2915 patribus
570 2847 727 2916 conscriptis,
741 2850 833 2919 populo
847 2852 985 2919 Romanos,
997 2852 1056 2907 ociis
