2575 3367
464 325 532 373 LIB.
551 323 588 372 11.
606 325 680 372 CAP.
701 325 737 381 17,
758 325 793 371 18.
992 329 1022 373 tt

230 436 335 488 secutus
356 452 420 498 sum,
439 453 489 488 non
509 435 711 504 interpretatus:
729 439 756 489 et
774 433 912 488 Phalereus
930 433 1023 489 Deme·

229 511 304 573 trias,
319 511 361 581 qui
377 511 507 576 Periclem,
526 512 664 582 principem
681 512 792 578 Graeciae,
804 510 941 580 vituperat,
955 510 1022 582 quod

230 592 327 640 tantam
347 589 476 657 pecuniam
496 589 523 642 in
539 589 658 659 praeclara
674 588 717 642 illa
735 588 862 659 propylaea
878 589 1022 658 conjecerit.

231 663 282 717 Sed
295 663 326 718 de
343 664 391 718 hoo
409 683 500 736 genere
518 669 573 719 toto
591 666 617 719 in
634 666 665 719 iis
683 665 761 729 libris,
775 683 838 734 quos
851 664 882 718 de
893 665 1022 735 republica

229 740 329 810 scripsi,
348 741 483 811 diligenter
503 746 543 796 est
562 741 729 812 disputatum.
765 742 832 796 Tota
852 741 934 811 igitur
954 742 1021 796 ratio

229 815 319 870 talium
329 817 490 888 largitionum
503 836 595 889 genere
604 818 697 872 vitiosa
708 821 755 882 est,
766 818 923 888 temporibus
935 837 1022 873 ueces-

229 893 312 958 sar·ia;
331 899 356 948 et
370 899 454 949 tamen
466 895 521 965 ipsa
532 900 558 949 et
572 894 602 950 ad
615 894 751 950 facultates
764 895 982 963 accommodanda,
994 901 1021 951 et

228 969 403 1026 mediocritate
416 971 568 1026 moderanda
580 976 628 1026 est.

265 1048 370 1102 XVIII.
390 1048 422 1103 In
434 1048 477 1103 illo
490 1055 574 1102 autem
588 1048 668 1103 altero
680 1067 773 1119 genere
784 1048 916 1119 largiendi,
927 1048 994 1120 quod
1003 1068 1020 1103 α
1030 1052 1060 1098 61

229 1124 378 1178 liberalitate
402 1123 575 1194 proficiscitur,
594 1143 647 1179 non
665 1143 716 1179 uno
737 1125 812 1180 modo
833 1126 860 1179 in
878 1124 1021 1195 disparibus

229 1200 313 1255 causis
332 1201 414 1255 affecti
432 1219 488 1256 esso
506 1201 634 1255 debemus.
673 1201 730 1255 Alia
747 1219 824 1256 oarrsa
841 1206 881 1255 est
899 1202 963 1272 ejus,
977 1202 1021 1272 qui

229 1277 372 1331 calamitate
390 1277 520 1348 premitur,
538 1282 564 1332 et
582 1281 645 1348 ejus,
666 1278 709 1347 qui
727 1295 768 1331 res
787 1277 901 1330 meliores
922 1278 1020 1348 quatit,

228 1354 306 1408 nullis
323 1353 375 1408 suis
388 1353 463 1409 rebus
482 1354 601 1409 adramis.
637 1354 791 1424 Propensior
805 1353 948 1423 benignitas
965 1372 1021 1408 esse
1031 1362 1061 1408 62

228 1430 332 1485 debebit
344 1431 370 1484 in
382 1430 548 1495 calamitosos,
562 1431 611 1485 nisi
623 1432 690 1485 forte
700 1435 776 1484 erunt
788 1429 859 1500 digni
871 1429 1021 1485 calamitate.

229 1508 411 1573 luibitanem,
425 1509 468 1578 qui
480 1527 508 1563 se
521 1507 635 1578 adjurari
648 1509 741 1574 volent,
755 1526 806 1563 non
818 1512 848 1561 ut
860 1526 892 1561 ne
909 1508 1021 1578 ailligan⁴

229 1591 281 1651 tur,
293 1583 338 1638 sed
351 1588 380 1638 ut
392 1584 504 1639 altiorem
519 1584 625 1654 gradum
638 1585 782 1649 ascendant,
796 1585 907 1640 restricti
919 1585 1021 1639 omnino

228 1680 286 1716 esse
298 1661 367 1715 nullo
380 1661 454 1715 modo
470 1661 598 1726 debemus,
612 1661 658 1716 sed
673 1662 700 1716 in
714 1661 854 1732 deligendis
870 1661 967 1716 idoneis
981 1662 1021 1733 ju·

229 1737 323 1793 dicium
337 1742 363 1792 et
376 1737 531 1809 diligentiam
545 1738 672 1793 adhibere.
698 1738 767 1792 Nam
779 1737 898 1808 praeclare
910 1738 1021 1793 Ennius:

346 1855 471 1903 Benefacta
480 1856 540 1902 male
550 1856 626 1902 locata
637 1857 760 1902 malefacta
770 1857 875 1903 arbitror.

229 1954 305 2022 Quod
326 1959 409 2009 autem
431 1955 558 2010 tributum
579 1960 620 2011 ost
640 1956 707 2011 bono
726 1956 780 2010 viro
798 1959 824 2010 et
846 1958 928 2026 grato,
947 1955 975 2009 in
992 1967 1063 2014 e068

231 2051 308 2104 quum
325 2051 357 2086 ex
374 2033 430 2102 ipso
447 2032 546 2086 lruetus
563 2037 610 2098 est,
624 2040 679 2088 tum
697 2033 774 2087 etiam
791 2050 823 2086 eu
840 2032 939 2087 ceteris.
975 2031 1023 2085 'le-

236 2110 348 2164 ueritate
360 2109 426 2164 enim
439 2114 543 2174 remota,
557 2109 703 2180 gratissima
715 2114 754 2163 est
768 2108 921 2163 liberalitas:
940 2126 1021 2179 eoque

242 2205 285 2241 am
298 2186 437 2240 studiosius
454 2186 567 2256 plerique
583 2185 696 2250 laudant,
711 2184 779 2256 quod
791 2184 883 2240 summi
899 2188 1023 2256 cujusque

247 2263 330 2318 onitas
343 2281 475 2318 commrme
487 2263 630 2333 perfugium
643 2267 683 2317 est
696 2264 815 2317 omnium.
840 2261 932 2316 Danda
943 2262 1023 2333 igitur

252 2359 307 2395 iera
324 2346 371 2405 est,
391 2345 420 2394 ut
441 2340 472 2393 iis
490 2339 617 2394 benefieiis
639 2358 713 2410 quam
734 2340 856 2410 plurimos
877 2340 1021 2403 afficiamus,

257 2437 338 2474 rorum
352 2417 471 2471 memoria
482 2416 567 2471 liberis
584 2417 743 2488 posterisque
756 2417 886 2487 prodatur,
900 2423 929 2470 ut
942 2417 972 2470 iis
985 2416 1023 2469 in-

262 2497 310 2551 atis
323 2512 442 2549 essenon
454 2493 535 2548 liceat.
573 2494 668 2549 Omnes
684 2495 750 2549 enim
763 2495 934 2548 immemorem
947 2492 1022 2546 bene·

266 2575 279 2628 'i
291 2572 402 2628 oderunt
414 2589 519 2641 eamque
537 2570 655 2640 iujuriam
668 2571 695 2625 in
711 2570 862 2625 deterrenda
873 2568 1023 2622 liberalitate

271 2651 278 2706 i
295 2649 372 2704 etiam
386 2648 448 2712 fieri,
462 2666 577 2718 eumque,
592 2648 635 2717 qui
649 2648 732 2711 saciat,
746 2663 904 2701 communem
923 2644 1022 2697 hostem

277 2727 374 2783 uiorum
395 2729 495 2794 putant.
533 2726 618 2794 Atque
637 2725 690 2778 lroee
711 2724 855 2793 benignitas
877 2721 952 2775 etium
975 2721 1022 2773 rei-

282 2805 337 2860 licre
351 2809 391 2858 est
404 2802 482 2866 utilis,
497 2801 584 2856 redimi
599 2820 613 2856 e
629 2803 753 2855 servituto
766 2805 861 2869 captoS‚
875 2797 1023 2866 locupletari

288 2884 376 2938 lorea:
397 2879 464 2952 quod
482 2879 582 2950 quidem
599 2879 675 2948 vulgo
693 2880 796 2932 solitum
814 2876 869 2931 lieri
886 2874 918 2930 ab
935 2873 1023 2930 ordine
