2575 3367
283 324 314 368 28
573 318 664 365 CATO
681 318 799 366 aiaton

283 429 350 499 quod
367 428 394 482 ni
411 428 449 482 ite
466 427 598 493 accideret,
615 429 705 483 melius
723 432 750 483 et
768 428 919 500 prudentius
935 429 1072 484 viveretur,

281 507 358 560 Mens
371 505 438 559 enim
450 508 476 559 et
488 505 553 558 ratio
566 509 592 558 et
604 504 735 559 consilium
753 504 781 558 in
796 504 899 559 senibus
916 509 972 559 est:
992 507 1037 577 qui
1052 505 1074 559 si

282 581 344 636 nulli
357 581 472 645 fuissent,
486 579 561 634 uullae
573 580 675 634 omnino
687 580 803 634 civitates
816 587 910 635 essent.
936 580 988 634 Sed
1001 581 1074 635 redeo

283 657 314 711 ad
327 661 433 712 mortem
446 655 641 726 impendentem.
670 655 748 715 Quod
755 656 816 710 illud
829 660 870 710 est
881 656 978 710 crimen
991 675 1075 710 senec·

282 735 354 798 tutis,
375 751 453 804 quum
470 730 533 786 illud
550 731 658 786 videatis
675 749 733 786 cum
750 731 921 786 adolescentia
936 751 994 786 esse
1011 751 1075 787 com·

242 816 273 861 68
284 810 378 864 munel
409 808 481 863 Sensi
502 825 551 878 ego
574 812 631 861 tum
654 807 681 861 in
702 808 798 877 optimo
819 808 872 862 lilio
892 826 957 872 meo,
976 813 1032 862 tum
1049 808 1075 861 in

283 885 436 955 exspectatis
458 883 489 938 ad
507 883 688 953 amplissimum
705 884 856 954 dignitatern
872 883 996 939 fratribus
1016 886 1074 949 tuis,

283 961 374 1031 Scipio,
387 965 496 1014 mortem
508 959 577 1014 omni
593 961 663 1015 etati
678 978 734 1015 esse
746 978 913 1014 communem.
941 963 980 1014 At
992 965 1076 1030 sperat

283 1037 427 1092 adolescens
444 1037 487 1090 diu
504 1054 532 1090 ae
548 1037 691 1091 victurum:
711 1036 779 1106 quod
796 1054 898 1106 sperare
913 1035 982 1091 idem
1000 1055 1075 1090 senex

282 1132 334 1168 non
354 1116 447 1183 potest.
480 1112 635 1182 insipienter
655 1117 748 1182 sperat.
783 1111 854 1172 Quid
874 1112 941 1166 enim
963 1113 1075 1179 stultius,

283 1209 357 1260 quarn
371 1189 467 1244 incerta
478 1207 524 1259 pro
536 1189 612 1243 certis
624 1187 725 1251 habere,
735 1188 799 1243 falsa
810 1207 856 1259 pro
864 1189 932 1243 veris
942 1189 952 1242 l
986 1189 1074 1252 Senex,

283 1265 395 1336 nequod
411 1271 496 1335 speret
514 1264 623 1336 quidem,
636 1263 728 1318 hebet:
748 1266 775 1318 at
792 1269 833 1319 est
849 1283 879 1319 co
897 1264 1002 1320 meliore
1019 1283 1076 1319 con·

284 1342 387 1407 ditione,
401 1360 475 1412 quam
488 1340 639 1404 adolescens,
654 1332 731 1410 quum
748 1340 781 1406 id,
795 1340 863 1411 qnod
875 1341 918 1394 ille
929 1348 1024 1411 sperat,
1036 1341 1075 1396 hic

282 1418 334 1487 jam
347 1422 498 1472 consecutas
510 1420 559 1471 est.
589 1415 638 1469 Ille
650 1415 705 1469 vult
718 1416 762 1470 diu
774 1417 872 1472 virere:
892 1417 934 1472 hic
946 1417 992 1472 diu
1003 1417 1074 1471 vixit.

244 1503 275 1548 69
286 1497 453 1564 Quamquam,
467 1511 482 1547 o
494 1493 539 1546 Dii
550 1492 624 1547 boni!
651 1491 768 1563 quidest
783 1493 811 1547 in
826 1493 935 1547 hominis
947 1494 1002 1547 rita
1016 1493 1076 1547 diut

285 1570 326 1623 Da
335 1570 400 1623 enim
414 1586 558 1638 supremum
570 1571 688 1638 tempus:
706 1573 881 1639 exspectemus
891 1569 1076 1624 Tartessiorum

285 1645 352 1715 regis
368 1648 483 1699 etatem:
503 1643 552 1697 fnit
569 1644 643 1708 enim,
657 1647 688 1698 ut
704 1647 826 1714 scriptum
839 1644 919 1710 video,
933 1646 1078 1716 Argantho-

286 1721 342 1776 nius
364 1720 465 1791 quidam
487 1718 607 1783 Gadibus,
630 1721 675 1789 qui
698 1720 829 1791 octoginta
852 1721 970 1790 rcgnavit
991 1738 1076 1784 annos,

286 1801 388 1853 centum
401 1802 427 1852 θῖ
440 1797 531 1867 viginti
540 1796 611 1850 vixit.
637 1795 689 1850 Sed
700 1797 762 1851 milri
774 1815 806 1850 ne
818 1796 967 1851 diuturnum
977 1796 1076 1868 quidem

286 1875 420 1945 quidquam
435 1874 543 1941 videtur,
555 1872 582 1927 in
594 1890 644 1942 quo
657 1876 697 1926 est
708 1872 804 1944 aliquid
815 1879 966 1927 extremum.
991 1874 1077 1932 Quum

286 1952 352 2005 enim
373 1950 400 2005 id
420 1949 530 2015 advenit,
552 1953 614 2004 tnnc
633 1948 703 2016 illud,
725 1948 793 2019 quod
812 1949 944 2019 preteriit,
965 1950 1076 2004 effluxitz

286 2031 385 2081 tantum
399 2030 519 2090 remanet,
533 2024 601 2095 quod
612 2024 709 2080 virtute
720 2032 747 2079 et
759 2030 828 2080 recte
840 2025 915 2079 factis
927 2030 1077 2081 consecutus

287 2104 330 2156 sis.
363 2104 443 2157 Horae
459 2101 560 2172 quidem
576 2099 670 2155 cedunt
688 2104 715 2155 et
727 2100 780 2155 dies
798 2104 825 2155 ct
842 2118 943 2155 menses
960 2106 987 2155 et
1005 2102 1076 2156 anni:

288 2196 334 2233 nec
352 2179 508 2249 preteritum
525 2181 627 2247 tempus
645 2195 765 2247 umquam
781 2177 927 2243 revertitur,
945 2195 1001 2242 nec,
1021 2177 1078 2248 quid

288 2260 416 2323 sequatur,
430 2255 488 2309 sciri
501 2259 593 2323 potest.
628 2253 702 2318 Quod
714 2253 805 2324 cuique
816 2253 938 2322 temporis
951 2253 984 2308 ad
997 2254 1078 2310 viven-

248 2339 279 2390 70
288 2331 346 2383 dum
360 2330 442 2393 datur,
456 2348 486 2383 eo
499 2330 574 2384 debet
590 2347 646 2383 esse
663 2334 806 2384 contentus.
841 2329 934 2399 Neque
947 2329 1016 2384 enim
1031 2331 1078 2384 his·

287 2406 371 2470 trioni,
385 2409 415 2459 ut
431 2405 536 2475 placeat,
548 2405 693 2476 peragenda
706 2405 792 2460 sabula
807 2411 862 2471 est;
881 2405 966 2470 modo,
979 2408 1079 2478 inquo·

287 2501 394 2553 cumque
412 2483 489 2535 fuerit
508 2486 574 2546 actu,
590 2482 729 2552 probetur:
754 2501 801 2536 nec
822 2481 931 2551 sapienti
950 2482 1078 2554 usquead

287 2559 412 2613 Plaudite
424 2557 582 2613 veniendum.
619 2560 701 2612 Breve
717 2560 783 2613 enim
799 2563 900 2626 tempus
917 2561 1003 2613 aetatis
1020 2559 1078 2613 satis

287 2640 327 2688 est
347 2636 451 2705 longum
473 2634 505 2688 ad
525 2634 589 2688 bene
607 2633 765 2704 honesteque
785 2631 938 2687 vivendum:
964 2635 1005 2689 sin
1026 2652 1079 2704 pro-

288 2712 393 2765 cesseris
406 2712 514 2782 longius,
522 2728 574 2764 non
587 2711 666 2779 magis
676 2709 811 2764 dolendum
821 2715 867 2772 est,
879 2728 955 2780 quam
965 2710 1078 2781 agricole

288 2787 381 2850 dolent,
395 2788 524 2857 praeterita
535 2788 605 2840 verni
620 2786 741 2853 temporis
759 2785 892 2850 suavitate,
905 2790 1021 2840 aestatenr
1038 2805 1079 2840 au·

288 2869 455 2934 turonumque
467 2864 573 2919 venisse.
601 2863 655 2916 Ver
666 2863 732 2916 enim
744 2867 872 2933 tamquam
885 2862 1077 2917 adolescentiam
