2575 3367
474 312 543 361 LlB.
563 313 582 362 l.
601 313 675 361 CAP.
697 314 733 369 ll,
754 314 789 360 12
998 317 1027 365 lt

236 411 299 482 pcci,
312 429 371 483 qua
381 409 445 467 nihil
456 410 575 467 habitura
588 412 622 466 sit
638 411 793 476 insidiarum,
805 429 905 482 semper
916 415 956 467 est
967 429 1028 468 con-

236 487 377 542 solendum.
414 489 446 541 In
456 505 506 559 quo
518 487 540 542 si
552 488 614 543 mibi
624 494 693 542 esset
705 488 923 558 obtemperatum
941 488 964 543 si
977 508 1028 543 non

236 564 365 632 optimam,
378 566 405 618 at
417 563 526 634 aliquam
538 564 725 635 rempublicam,
739 582 795 636 quie
811 581 879 618 nunc
895 564 965 618 nulle
978 569 1026 630 est,

236 639 393 695 haberemus.
429 640 464 695 Et
481 659 560 710 quum
577 641 616 705 iis,
629 658 694 710 quos
711 641 738 694 ri
753 639 883 704 deviceris,
896 641 1027 695 consulen-

235 715 297 769 dum
316 721 372 782 cst3
396 719 453 770 tum
473 716 499 782 ii,
517 717 568 787 qui,
585 716 661 771 armis
681 715 780 785 positis,
796 716 828 770 ad
845 716 1026 787 imperatorum

234 791 310 847 fidem
321 791 478 863 mniugient,
491 792 605 863 quamvis
617 810 718 846 murum
733 792 798 846 aries
813 791 976 862 percusserit,
988 811 1027 848 rc·

235 866 344 938 cipiendi
355 873 424 924 sunt.
454 868 487 924 In
498 886 549 939 quo
560 872 633 922 tento
645 885 721 939 opere
733 866 801 938 apud
813 872 914 922 nostros
923 867 1026 938 justitia

234 943 304 999 culta
315 947 362 1012 est,
375 947 405 998 ut
416 943 443 1012 ii,
455 945 499 1015 qui
510 944 626 999 civitates
639 948 684 998 sut
698 943 814 997 nationes
830 943 942 998 devictos
958 943 1024 999 bollo

233 1018 260 1073 in
278 1018 353 1077 fidem
373 1020 536 1091 recepissent,
553 1038 639 1074 earum
657 1020 758 1091 patroni
778 1023 863 1073 essent
882 1038 951 1075 more
972 1038 1025 1074 ma-

229 1095 323 1164 jorum.
363 1097 403 1151 ne
426 1096 485 1151 belli
509 1095 609 1167 quidem
632 1096 739 1166 aequitas
762 1095 919 1150 sanctissime
943 1096 1065 1152 leticiae

233 1171 321 1242 populi
338 1172 448 1226 Romani
466 1173 524 1242 jure
541 1171 682 1242 perscripta
698 1176 746 1226 est.
782 1170 824 1225 Ex
845 1189 894 1241 quo
915 1171 1023 1244 intelligi

232 1251 327 1317 potest,
340 1247 437 1302 nullum
449 1247 541 1302 bellum
558 1266 613 1303 esse
627 1249 733 1318 justum,
746 1245 796 1301 nisi
810 1246 878 1317 quod
890 1252 934 1302 aut
946 1248 1023 1304 rebus

232 1323 349 1393 repetitis
361 1328 473 1393 geratur,
485 1330 529 1377 eut
541 1323 719 1378 denuntiatum
732 1325 791 1376 ante
803 1322 837 1375 sit
851 1329 877 1376 et
889 1322 1022 1379 indictum.

232 1398 347 1468 Popilius
363 1399 500 1469 imperator
516 1399 619 1453 tenebat
637 1398 799 1468 provinciam,
814 1397 841 1451 in
858 1402 932 1468 cujus
950 1417 1022 1453 exer·

231 1474 285 1528 citu
298 1474 403 1528 Catonis
415 1474 482 1529 filius
494 1475 544 1530 tiro
557 1475 688 1530 militabat.
725 1475 811 1536 Quum
825 1479 909 1530 autem
922 1475 1022 1546 Popilio

230 1549 368 1616 rideretur,
386 1568 464 1604 unam
485 1551 611 1605 dimittere
631 1550 774 1621 legionem
798 1549 902 1606 Catonis
920 1570 1021 1622 quoque

230 1626 317 1690 filium,
340 1626 384 1696 qui
404 1627 431 1680 in
451 1626 537 1681 eadem
558 1626 657 1698 legione
677 1627 810 1692 militabat,
831 1628 934 1683 dimisit.
969 1629 1020 1684 Sed

230 1719 308 1770 quum
321 1719 405 1756 aurore
418 1702 546 1772 pugnandi
557 1704 582 1756 in
598 1703 712 1758 exercitu
728 1705 898 1769 remansisset,
911 1704 975 1758 Cato
987 1704 1020 1758 ad

229 1777 355 1846 Popilium
373 1778 481 1847 scripsit,
496 1782 533 1842 ut,
549 1779 572 1832 si
587 1797 645 1832 eum
663 1783 793 1849 pateretur
808 1781 836 1834 in
851 1780 964 1834 exercitu
982 1799 1019 1834 ro-

228 1869 338 1917 manere,
363 1853 474 1907 secundo
498 1872 556 1908 eum
579 1854 702 1925 obligaret
726 1855 822 1909 militiae
845 1862 1018 1920 sacramento;

228 1929 296 1998 quia,
314 1928 397 1997 priore
418 1929 517 1994 amisso,
534 1930 590 2000 jure
615 1949 672 1985 curn
693 1930 809 1985 hostibus
833 1948 947 2001 pugnare
967 1949 1019 1984 non

227 2004 445 2074 poterat—Adeo
466 2024 564 2060 summa
587 2010 641 2060 erat
665 2006 808 2061 observatio
828 2007 855 2060 in
878 2005 944 2060 bollo
967 2024 1017 2060 mo·
1026 2019 1058 2068 37

227 2079 393 2134 vendo—M.
411 2081 512 2151 quidem
531 2082 635 2137 Catonis
654 2082 721 2137 senis
742 2081 848 2152 epistola
869 2086 908 2134 est
929 2080 961 2135 ad
978 2082 1016 2138 M.

225 2156 315 2220 filium,
333 2157 360 2210 iu
376 2175 426 2227 qua
441 2157 542 2228 scripsit
558 2177 585 2214 se
602 2158 709 2222 audisse,
726 2177 784 2212 eum
800 2157 905 2211 missum
922 2158 1017 2213 factum

225 2250 283 2286 esse
301 2248 317 2286 a
333 2233 442 2298 consule,
456 2252 535 2303 quum
551 2234 578 2288 in
589 2233 740 2289 Macedonia
751 2234 854 2288 Persico
869 2233 934 2288 bollo
946 2235 1017 2290 miles

225 2313 302 2362 esset.
323 2309 415 2363 Monet
426 2310 513 2379 igitur,
523 2313 554 2363 ut
567 2314 704 2373 careatus
716 2310 828 2380 praelium
839 2310 922 2365 ineat:
939 2316 1017 2381 negat

224 2383 292 2438 enirn
303 2383 347 2454 jus
359 2402 422 2448 esse,
436 2385 479 2455 qui
492 2385 563 2441 miles
575 2386 681 2449 nonsit,
694 2404 752 2440 cum
763 2386 837 2440 hoste
849 2405 970 2456 pugnare.

259 2460 325 2515 XII.
344 2459 469 2531 Equidem
476 2460 539 2516 illud
548 2461 622 2515 etiarn
633 2460 812 2526 animadverto,
822 2462 897 2531 quod,
908 2463 952 2530 qui
962 2481 1016 2531 pro

223 2535 279 2606 prio
292 2535 393 2590 nomine
402 2539 538 2604 perduellis
549 2536 657 2602 essetis
669 2539 745 2591 tcrtt'a
757 2543 898 2600 vocaretur,
912 2537 1016 2592 leuitate

223 2611 295 2667 vorbi
311 2611 349 2666 rei
365 2613 497 2667 tristitiam
514 2613 663 2682 mitigatam.
699 2615 787 2666 Hostis
800 2613 867 2666 enim
883 2611 950 2681 apud
964 2631 1016 2666 ma·

221 2687 290 2758 jores
310 2691 413 2742 nostros
431 2688 453 2742 is
472 2687 609 2752 dicebatur,
627 2707 703 2758 quem
721 2706 788 2742 nunc
805 2689 959 2756 pereprinum
979 2686 1016 2742 di-

223 2765 313 2819 cimus.
350 2763 470 2818 Indicant
494 2763 626 2818 duodecim
646 2763 754 2818 tabulae:
782 2769 812 2816 ut
833 2777 931 2815 sraros
952 2778 1015 2818 orus

225 2855 283 2898 cuir
296 2857 385 2896 nosos
391 2861 400 2908 3
416 2840 535 2908 itemque,
545 2855 685 2894 aovnnsus
698 2854 809 2893 nosrmr
820 2853 938 2891 amaus
949 2855 1016 2892 suo·
