<?xml version="1.0" encoding="UTF-8"?>
<!DOCTYPE html PUBLIC "-//W3C//DTD XHTML 1.0 Transitional//EN"
    "http://www.w3.org/TR/xhtml1/DTD/xhtml1-transitional.dtd">
<html xmlns="http://www.w3.org/1999/xhtml" xml:lang="en" lang="en">
 <head>
  <title>
</title>
<meta http-equiv="Content-Type" content="text/html;charset=utf-8" />
  <meta name='ocr-system' content='tesseract 3.04.00' />
  <meta name='ocr-capabilities' content='ocr_page ocr_carea ocr_par ocr_line ocrx_word'/>
</head>
<body>
  <div class='ocr_page' id='page_1' title='image "./mtulliuscicerod00cicegoog_0021.png"; bbox 0 0 2575 3367; ppageno 0'>
   <div class='ocr_carea' id='block_1_1' title="bbox 498 319 1032 374">
    <p class='ocr_par' dir='ltr' id='par_1_1' title="bbox 498 319 1032 374">
     <span class='ocr_line' id='line_1_1' title="bbox 498 319 1032 374; baseline -0.021 -5"><span class='ocrx_word' id='word_1_1' title='bbox 498 320 565 369; x_wconf 78' lang='lat' dir='ltr'><strong>utu.</strong></span> <span class='ocrx_word' id='word_1_2' title='bbox 584 319 604 370; x_wconf 91' lang='lat' dir='ltr'><strong>l.</strong></span> <span class='ocrx_word' id='word_1_3' title='bbox 623 319 698 368; x_wconf 79' lang='lat' dir='ltr'><strong>CAP.</strong></span> <span class='ocrx_word' id='word_1_4' title='bbox 718 323 755 370; x_wconf 87' lang='grc'><strong>10.</strong></span> <span class='ocrx_word' id='word_1_5' title='bbox 993 326 1032 374; x_wconf 71' lang='lat'><strong>13.</strong></span> 
     </span>
    </p>
   </div>
   <div class='ocr_carea' id='block_1_2' title="bbox 215 413 1058 2785">
    <p class='ocr_par' dir='ltr' id='par_1_2' title="bbox 216 413 1058 2553">
     <span class='ocr_line' id='line_1_2' title="bbox 264 413 1056 494; baseline 0.006 -20"><span class='ocrx_word' id='word_1_6' title='bbox 264 419 297 473; x_wconf 90' lang='lat' dir='ltr'><strong>X.</strong></span> <span class='ocrx_word' id='word_1_7' title='bbox 317 419 367 475; x_wconf 84' lang='lat' dir='ltr'><strong>sed</strong></span> <span class='ocrx_word' id='word_1_8' title='bbox 376 413 493 475; x_wconf 83' lang='lat' dir='ltr'><strong>incidunt</strong></span> <span class='ocrx_word' id='word_1_9' title='bbox 501 438 567 490; x_wconf 72' lang='lat' dir='ltr'><strong>supe</strong></span> <span class='ocrx_word' id='word_1_10' title='bbox 575 423 698 491; x_wconf 86' lang='lat' dir='ltr'><strong>tempora,</strong></span> <span class='ocrx_word' id='word_1_11' title='bbox 708 438 786 492; x_wconf 89' lang='lat' dir='ltr'><strong>quum</strong></span> <span class='ocrx_word' id='word_1_12' title='bbox 798 438 836 487; x_wconf 87' lang='lat' dir='ltr'><strong>es,</strong></span> <span class='ocrx_word' id='word_1_13' title='bbox 846 438 902 494; x_wconf 74' lang='lat' dir='ltr'><strong>qus</strong></span> <span class='ocrx_word' id='word_1_14' title='bbox 913 423 1022 479; x_wconf 85' lang='lat' dir='ltr'><strong>maxims</strong></span> <span class='ocrx_word' id='word_1_15' title='bbox 1030 447 1056 492; x_wconf 74' lang='lat'><strong>31</strong></span> 
     </span>
     <span class='ocr_line' id='line_1_3' title="bbox 228 495 1022 569; baseline 0.009 -21"><span class='ocrx_word' id='word_1_16' title='bbox 228 495 348 549; x_wconf 81' lang='lat' dir='ltr'><strong>ridentur</strong></span> <span class='ocrx_word' id='word_1_17' title='bbox 365 496 443 567; x_wconf 80' lang='lat' dir='ltr'><strong>digna</strong></span> <span class='ocrx_word' id='word_1_18' title='bbox 460 515 516 552; x_wconf 87' lang='lat' dir='ltr'><strong>esse</strong></span> <span class='ocrx_word' id='word_1_19' title='bbox 531 496 603 568; x_wconf 89' lang='lat' dir='ltr'><strong>justo</strong></span> <span class='ocrx_word' id='word_1_20' title='bbox 620 497 722 551; x_wconf 89' lang='lat' dir='ltr'><strong>homine</strong></span> <span class='ocrx_word' id='word_1_21' title='bbox 740 515 828 569; x_wconf 89' lang='lat' dir='ltr'><strong>eoque,</strong></span> <span class='ocrx_word' id='word_1_22' title='bbox 845 517 920 569; x_wconf 90' lang='lat' dir='ltr'><strong>quem</strong></span> <span class='ocrx_word' id='word_1_23' title='bbox 939 500 1022 555; x_wconf 78' lang='lat' dir='ltr'><strong>riuum</strong></span> 
     </span>
     <span class='ocr_line' id='line_1_4' title="bbox 229 571 1021 646; baseline 0.008 -21"><span class='ocrx_word' id='word_1_24' title='bbox 229 571 323 626; x_wconf 86' lang='lat' dir='ltr'><strong>bunum</strong></span> <span class='ocrx_word' id='word_1_25' title='bbox 336 571 450 638; x_wconf 69' lang='lat' dir='ltr'><strong>dimmus,</strong></span> <span class='ocrx_word' id='word_1_26' title='bbox 461 577 650 628; x_wconf 87' lang='lat' dir='ltr'><strong>commutantur</strong></span> <span class='ocrx_word' id='word_1_27' title='bbox 658 573 773 646; x_wconf 87' lang='lat' dir='ltr'><strong>fiuntque</strong></span> <span class='ocrx_word' id='word_1_28' title='bbox 785 575 918 639; x_wconf 83' lang='lat' dir='ltr'><strong>contraris,</strong></span> <span class='ocrx_word' id='word_1_29' title='bbox 926 579 957 629; x_wconf 91' lang='lat' dir='ltr'><strong>ut</strong></span> <span class='ocrx_word' id='word_1_30' title='bbox 966 576 1021 631; x_wconf 88' lang='lat' dir='ltr'><strong>red·</strong></span> 
     </span>
     <span class='ocr_line' id='line_1_5' title="bbox 228 647 1021 721; baseline 0.005 -20"><span class='ocrx_word' id='word_1_31' title='bbox 228 647 288 702; x_wconf 90' lang='lat' dir='ltr'><strong>dere</strong></span> <span class='ocrx_word' id='word_1_32' title='bbox 297 647 450 718; x_wconf 87' lang='lat' dir='ltr'><strong>depositum,</strong></span> <span class='ocrx_word' id='word_1_33' title='bbox 458 647 609 718; x_wconf 87' lang='lat' dir='ltr'><strong>promissum</strong></span> <span class='ocrx_word' id='word_1_34' title='bbox 618 649 718 714; x_wconf 77' lang='lat' dir='ltr'><strong>laeer03</strong></span> <span class='ocrx_word' id='word_1_35' title='bbox 732 668 839 721; x_wconf 79' lang='lat' dir='ltr'><strong>quisque</strong></span> <span class='ocrx_word' id='word_1_36' title='bbox 848 647 976 721; x_wconf 79' lang='lat' dir='ltr'>pertinent</span> <span class='ocrx_word' id='word_1_37' title='bbox 988 652 1021 707; x_wconf 85' lang='lat' dir='ltr'><strong>ad</strong></span> 
     </span>
     <span class='ocr_line' id='line_1_6' title="bbox 227 723 1025 796; baseline 0.006 -19"><span class='ocrx_word' id='word_1_38' title='bbox 227 725 360 778; x_wconf 73' lang='lat' dir='ltr'><strong>veritatem</strong></span> <span class='ocrx_word' id='word_1_39' title='bbox 369 729 396 779; x_wconf 89' lang='lat' dir='ltr'><strong>et</strong></span> <span class='ocrx_word' id='word_1_40' title='bbox 405 723 527 789; x_wconf 85' lang='lat' dir='ltr'><strong>adlidem,</strong></span> <span class='ocrx_word' id='word_1_41' title='bbox 536 726 682 796; x_wconf 80' lang='lat' dir='ltr'><strong>eamigrare</strong></span> <span class='ocrx_word' id='word_1_42' title='bbox 689 726 816 780; x_wconf 88' lang='lat' dir='ltr'><strong>interdum</strong></span> <span class='ocrx_word' id='word_1_43' title='bbox 825 733 852 781; x_wconf 93' lang='lat' dir='ltr'><strong>et</strong></span> <span class='ocrx_word' id='word_1_44' title='bbox 859 744 911 781; x_wconf 89' lang='lat' dir='ltr'><strong>nou</strong></span> <span class='ocrx_word' id='word_1_45' title='bbox 920 745 1025 784; x_wconf 79' lang='lat' dir='ltr'><strong>servare</strong></span> 
     </span>
     <span class='ocr_line' id='line_1_7' title="bbox 227 800 1020 873; baseline 0.006 -20"><span class='ocrx_word' id='word_1_46' title='bbox 227 800 257 853; x_wconf 89' lang='lat' dir='ltr'><strong>fit</strong></span> <span class='ocrx_word' id='word_1_47' title='bbox 270 803 379 869; x_wconf 85' lang='lat' dir='ltr'><strong>justum.</strong></span> <span class='ocrx_word' id='word_1_48' title='bbox 416 801 518 856; x_wconf 81' lang='lat' dir='ltr'><strong>Referri</strong></span> <span class='ocrx_word' id='word_1_49' title='bbox 530 801 595 856; x_wconf 89' lang='lat' dir='ltr'><strong>enim</strong></span> <span class='ocrx_word' id='word_1_50' title='bbox 609 802 682 856; x_wconf 88' lang='lat' dir='ltr'><strong>decet</strong></span> <span class='ocrx_word' id='word_1_51' title='bbox 694 802 727 856; x_wconf 86' lang='lat' dir='ltr'><strong>ad</strong></span> <span class='ocrx_word' id='word_1_52' title='bbox 738 821 775 867; x_wconf 88' lang='lat' dir='ltr'><strong>ea,</strong></span> <span class='ocrx_word' id='word_1_53' title='bbox 789 820 845 873; x_wconf 78' lang='lat' dir='ltr'><strong>quc</strong></span> <span class='ocrx_word' id='word_1_54' title='bbox 857 803 930 872; x_wconf 90' lang='lat' dir='ltr'><strong>posui</strong></span> <span class='ocrx_word' id='word_1_55' title='bbox 952 803 1020 872; x_wconf 91' lang='lat' dir='ltr'><strong>prin·</strong></span> 
     </span>
     <span class='ocr_line' id='line_1_8' title="bbox 227 876 1018 948; baseline 0.008 -19"><span class='ocrx_word' id='word_1_56' title='bbox 227 876 300 945; x_wconf 91' lang='lat' dir='ltr'><strong>cipio,</strong></span> <span class='ocrx_word' id='word_1_57' title='bbox 310 877 475 931; x_wconf 80' lang='lat' dir='ltr'><strong>fundamenta</strong></span> <span class='ocrx_word' id='word_1_58' title='bbox 483 878 607 948; x_wconf 73' lang='lat' dir='ltr'><strong>justitie:</strong></span> <span class='ocrx_word' id='word_1_59' title='bbox 620 879 736 948; x_wconf 86' lang='lat' dir='ltr'><strong>primum,</strong></span> <span class='ocrx_word' id='word_1_60' title='bbox 747 883 778 933; x_wconf 91' lang='lat' dir='ltr'><strong>ut</strong></span> <span class='ocrx_word' id='word_1_61' title='bbox 789 897 821 933; x_wconf 93' lang='lat' dir='ltr'><strong>ne</strong></span> <span class='ocrx_word' id='word_1_62' title='bbox 830 880 872 934; x_wconf 91' lang='lat' dir='ltr'><strong>oui</strong></span> <span class='ocrx_word' id='word_1_63' title='bbox 881 884 1018 935; x_wconf 85' lang='lat' dir='ltr'><strong>noceatur:</strong></span> 
     </span>
     <span class='ocr_line' id='line_1_9' title="bbox 226 952 1020 1027; baseline 0.004 -20"><span class='ocrx_word' id='word_1_64' title='bbox 226 952 325 1018; x_wconf 87' lang='lat' dir='ltr'><strong>deinde,</strong></span> <span class='ocrx_word' id='word_1_65' title='bbox 338 958 369 1008; x_wconf 88' lang='lat' dir='ltr'><strong>ut</strong></span> <span class='ocrx_word' id='word_1_66' title='bbox 384 954 511 1008; x_wconf 87' lang='lat' dir='ltr'><strong>communi</strong></span> <span class='ocrx_word' id='word_1_67' title='bbox 527 954 633 1009; x_wconf 82' lang='lat' dir='ltr'><strong>utilitati</strong></span> <span class='ocrx_word' id='word_1_68' title='bbox 645 955 779 1009; x_wconf 76' lang='lat' dir='ltr'><strong>serviatur.</strong></span> <span class='ocrx_word' id='word_1_69' title='bbox 815 956 854 1010; x_wconf 83' lang='lat' dir='ltr'><strong>Ea</strong></span> <span class='ocrx_word' id='word_1_70' title='bbox 865 974 943 1027; x_wconf 89' lang='lat' dir='ltr'><strong>quum</strong></span> <span class='ocrx_word' id='word_1_71' title='bbox 954 961 1020 1010; x_wconf 90' lang='lat' dir='ltr'><strong>tem·</strong></span> 
     </span>
     <span class='ocr_line' id='line_1_10' title="bbox 225 1032 1020 1103; baseline 0.005 -20"><span class='ocrx_word' id='word_1_72' title='bbox 225 1047 288 1099; x_wconf 87' lang='lat' dir='ltr'><strong>porc</strong></span> <span class='ocrx_word' id='word_1_73' title='bbox 300 1034 497 1094; x_wconf 68' lang='lat' dir='ltr'><strong>immutantur,</strong></span> <span class='ocrx_word' id='word_1_74' title='bbox 511 1034 683 1085; x_wconf 86' lang='lat' dir='ltr'><strong>commutatur</strong></span> <span class='ocrx_word' id='word_1_75' title='bbox 694 1032 803 1087; x_wconf 87' lang='lat' dir='ltr'><strong>officinm</strong></span> <span class='ocrx_word' id='word_1_76' title='bbox 819 1037 846 1086; x_wconf 91' lang='lat' dir='ltr'><strong>et</strong></span> <span class='ocrx_word' id='word_1_77' title='bbox 857 1050 909 1086; x_wconf 90' lang='lat' dir='ltr'><strong>uon</strong></span> <span class='ocrx_word' id='word_1_78' title='bbox 920 1050 1020 1103; x_wconf 79' lang='lat' dir='ltr'><strong>semper</strong></span> 
     </span>
     <span class='ocr_line' id='line_1_11' title="bbox 226 1105 1058 1180; baseline 0.006 -21"><span class='ocrx_word' id='word_1_79' title='bbox 226 1111 268 1160; x_wconf 90' lang='lat' dir='ltr'><strong>est</strong></span> <span class='ocrx_word' id='word_1_80' title='bbox 279 1105 354 1160; x_wconf 89' lang='lat' dir='ltr'><strong>idem.</strong></span> <span class='ocrx_word' id='word_1_81' title='bbox 390 1107 480 1161; x_wconf 77' lang='lat' dir='ltr'><strong>Potest</strong></span> <span class='ocrx_word' id='word_1_82' title='bbox 497 1107 563 1161; x_wconf 87' lang='lat' dir='ltr'><strong>enim</strong></span> <span class='ocrx_word' id='word_1_83' title='bbox 580 1107 693 1162; x_wconf 81' lang='lat' dir='ltr'><strong>accidere</strong></span> <span class='ocrx_word' id='word_1_84' title='bbox 709 1108 860 1178; x_wconf 85' lang='lat' dir='ltr'><strong>promissum</strong></span> <span class='ocrx_word' id='word_1_85' title='bbox 876 1108 978 1180; x_wconf 87' lang='lat' dir='ltr'><strong>aliquod</strong></span> <span class='ocrx_word' id='word_1_86' title='bbox 991 1113 1058 1178; x_wconf 65' lang='lat'><strong>0²32</strong></span> 
     </span>
     <span class='ocr_line' id='line_1_12' title="bbox 226 1183 1018 1253; baseline 0.005 -17"><span class='ocrx_word' id='word_1_87' title='bbox 226 1187 388 1247; x_wconf 80' lang='lat' dir='ltr'><strong>conventum,</strong></span> <span class='ocrx_word' id='word_1_88' title='bbox 401 1186 431 1236; x_wconf 92' lang='lat' dir='ltr'><strong>ut</strong></span> <span class='ocrx_word' id='word_1_89' title='bbox 443 1183 470 1237; x_wconf 89' lang='lat' dir='ltr'><strong>id</strong></span> <span class='ocrx_word' id='word_1_90' title='bbox 481 1183 545 1237; x_wconf 85' lang='lat' dir='ltr'><strong>ellici</strong></span> <span class='ocrx_word' id='word_1_91' title='bbox 557 1183 591 1237; x_wconf 88' lang='lat' dir='ltr'><strong>sit</strong></span> <span class='ocrx_word' id='word_1_92' title='bbox 606 1183 697 1239; x_wconf 91' lang='lat' dir='ltr'><strong>inutile</strong></span> <span class='ocrx_word' id='word_1_93' title='bbox 708 1184 749 1238; x_wconf 83' lang='lat' dir='ltr'><strong>vel</strong></span> <span class='ocrx_word' id='word_1_94' title='bbox 764 1185 796 1249; x_wconf 89' lang='lat' dir='ltr'><strong>ei,</strong></span> <span class='ocrx_word' id='word_1_95' title='bbox 809 1184 856 1239; x_wconf 91' lang='lat' dir='ltr'><strong>cui-</strong></span> <span class='ocrx_word' id='word_1_96' title='bbox 867 1184 1018 1253; x_wconf 87' lang='lat' dir='ltr'><strong>promissum</strong></span> 
     </span>
     <span class='ocr_line' id='line_1_13' title="bbox 225 1258 1022 1330; baseline 0.005 -18"><span class='ocrx_word' id='word_1_97' title='bbox 225 1259 267 1323; x_wconf 88' lang='lat' dir='ltr'><strong>sit,</strong></span> <span class='ocrx_word' id='word_1_98' title='bbox 280 1259 322 1313; x_wconf 83' lang='lat' dir='ltr'><strong>rel</strong></span> <span class='ocrx_word' id='word_1_99' title='bbox 338 1259 369 1325; x_wconf 88' lang='lat' dir='ltr'><strong>ei,</strong></span> <span class='ocrx_word' id='word_1_100' title='bbox 385 1259 430 1330; x_wconf 92' lang='lat' dir='ltr'><strong>qui</strong></span> <span class='ocrx_word' id='word_1_101' title='bbox 446 1259 599 1329; x_wconf 76' lang='lat' dir='ltr'><strong>promiserit.</strong></span> <span class='ocrx_word' id='word_1_102' title='bbox 635 1258 704 1313; x_wconf 87' lang='lat' dir='ltr'><strong>Nam</strong></span> <span class='ocrx_word' id='word_1_103' title='bbox 722 1260 752 1325; x_wconf 92' lang='lat' dir='ltr'><strong>si,</strong></span> <span class='ocrx_word' id='word_1_104' title='bbox 767 1264 799 1313; x_wconf 83' lang='lat' dir='ltr'><strong>ut</strong></span> <span class='ocrx_word' id='word_1_105' title='bbox 815 1260 842 1315; x_wconf 93' lang='lat' dir='ltr'><strong>in</strong></span> <span class='ocrx_word' id='word_1_106' title='bbox 859 1259 951 1313; x_wconf 81' lang='lat' dir='ltr'><strong>fabulis</strong></span> <span class='ocrx_word' id='word_1_107' title='bbox 968 1267 1022 1327; x_wconf 85' lang='lat' dir='ltr'><strong>est,</strong></span> 
     </span>
     <span class='ocr_line' id='line_1_14' title="bbox 225 1335 1018 1406; baseline 0.005 -18"><span class='ocrx_word' id='word_1_108' title='bbox 225 1335 372 1405; x_wconf 89' lang='lat' dir='ltr'><strong>Neptunus,</strong></span> <span class='ocrx_word' id='word_1_109' title='bbox 391 1335 459 1406; x_wconf 90' lang='lat' dir='ltr'><strong>quod</strong></span> <span class='ocrx_word' id='word_1_110' title='bbox 474 1335 572 1389; x_wconf 81' lang='lat' dir='ltr'><strong>Theseo</strong></span> <span class='ocrx_word' id='word_1_111' title='bbox 590 1336 749 1406; x_wconf 77' lang='lat' dir='ltr'><strong>promiserat,</strong></span> <span class='ocrx_word' id='word_1_112' title='bbox 765 1352 816 1389; x_wconf 92' lang='lat' dir='ltr'><strong>nou</strong></span> <span class='ocrx_word' id='word_1_113' title='bbox 831 1335 942 1401; x_wconf 80' lang='lat' dir='ltr'><strong>iecisset,</strong></span> <span class='ocrx_word' id='word_1_114' title='bbox 954 1336 1018 1392; x_wconf 86' lang='lat' dir='ltr'><strong>The·</strong></span> 
     </span>
     <span class='ocr_line' id='line_1_15' title="bbox 224 1411 1017 1481; baseline 0.004 -17"><span class='ocrx_word' id='word_1_115' title='bbox 224 1429 283 1465; x_wconf 85' lang='lat' dir='ltr'><strong>scus</strong></span> <span class='ocrx_word' id='word_1_116' title='bbox 296 1411 439 1481; x_wconf 79' lang='lat' dir='ltr'><strong>Hippolyto</strong></span> <span class='ocrx_word' id='word_1_117' title='bbox 450 1411 502 1466; x_wconf 89' lang='lat' dir='ltr'><strong>filio</strong></span> <span class='ocrx_word' id='word_1_118' title='bbox 514 1429 566 1465; x_wconf 91' lang='lat' dir='ltr'><strong>non</strong></span> <span class='ocrx_word' id='word_1_119' title='bbox 577 1417 645 1466; x_wconf 91' lang='lat' dir='ltr'><strong>esset</strong></span> <span class='ocrx_word' id='word_1_120' title='bbox 658 1411 770 1466; x_wconf 84' lang='lat' dir='ltr'><strong>orbatus.</strong></span> <span class='ocrx_word' id='word_1_121' title='bbox 805 1411 845 1466; x_wconf 75' lang='lat' dir='ltr'><strong>Ex</strong></span> <span class='ocrx_word' id='word_1_122' title='bbox 855 1411 937 1466; x_wconf 92' lang='lat' dir='ltr'><strong>tribus</strong></span> <span class='ocrx_word' id='word_1_123' title='bbox 949 1413 1017 1468; x_wconf 88' lang='lat' dir='ltr'><strong>enim</strong></span> 
     </span>
     <span class='ocr_line' id='line_1_16' title="bbox 223 1487 1016 1560; baseline 0.001 -18"><span class='ocrx_word' id='word_1_124' title='bbox 223 1489 328 1556; x_wconf 87' lang='lat' dir='ltr'><strong>optatis,</strong></span> <span class='ocrx_word' id='word_1_125' title='bbox 341 1492 372 1542; x_wconf 88' lang='lat' dir='ltr'><strong>ut</strong></span> <span class='ocrx_word' id='word_1_126' title='bbox 388 1488 515 1552; x_wconf 81' lang='lat' dir='ltr'><strong>scribitur,</strong></span> <span class='ocrx_word' id='word_1_127' title='bbox 528 1488 577 1544; x_wconf 90' lang='lat' dir='ltr'><strong>hoc</strong></span> <span class='ocrx_word' id='word_1_128' title='bbox 593 1492 648 1543; x_wconf 88' lang='lat' dir='ltr'><strong>erat</strong></span> <span class='ocrx_word' id='word_1_129' title='bbox 664 1487 778 1554; x_wconf 86' lang='lat' dir='ltr'><strong>tertium,</strong></span> <span class='ocrx_word' id='word_1_130' title='bbox 790 1487 858 1559; x_wconf 88' lang='lat' dir='ltr'><strong>quod</strong></span> <span class='ocrx_word' id='word_1_131' title='bbox 874 1487 906 1543; x_wconf 83' lang='lat' dir='ltr'><strong>(le</strong></span> <span class='ocrx_word' id='word_1_132' title='bbox 918 1488 1016 1560; x_wconf 84' lang='lat' dir='ltr'><strong>Hippo·</strong></span> 
     </span>
     <span class='ocr_line' id='line_1_17' title="bbox 222 1562 1018 1635; baseline 0.006 -18"><span class='ocrx_word' id='word_1_133' title='bbox 222 1562 270 1634; x_wconf 73' lang='lat' dir='ltr'><strong>lpti</strong></span> <span class='ocrx_word' id='word_1_134' title='bbox 282 1564 389 1618; x_wconf 89' lang='lat' dir='ltr'><strong>interitu</strong></span> <span class='ocrx_word' id='word_1_135' title='bbox 400 1564 483 1619; x_wconf 77' lang='lat' dir='ltr'><strong>iratum</strong></span> <span class='ocrx_word' id='word_1_136' title='bbox 495 1565 609 1635; x_wconf 79' lang='lat' dir='ltr'><strong>optarit:</strong></span> <span class='ocrx_word' id='word_1_137' title='bbox 628 1582 679 1635; x_wconf 93' lang='lat' dir='ltr'><strong>quo</strong></span> <span class='ocrx_word' id='word_1_138' title='bbox 696 1565 838 1635; x_wconf 85' lang='lat' dir='ltr'><strong>impetrato,</strong></span> <span class='ocrx_word' id='word_1_139' title='bbox 851 1565 878 1618; x_wconf 89' lang='lat' dir='ltr'><strong>in</strong></span> <span class='ocrx_word' id='word_1_140' title='bbox 894 1567 1018 1623; x_wconf 79' lang='lat' dir='ltr'><strong>maximos</strong></span> 
     </span>
     <span class='ocr_line' id='line_1_18' title="bbox 222 1639 1021 1712; baseline -0.001 -19"><span class='ocrx_word' id='word_1_141' title='bbox 222 1639 309 1695; x_wconf 88' lang='lat' dir='ltr'><strong>luctus</strong></span> <span class='ocrx_word' id='word_1_142' title='bbox 321 1641 418 1696; x_wconf 87' lang='lat' dir='ltr'><strong>incidit.</strong></span> <span class='ocrx_word' id='word_1_143' title='bbox 455 1641 481 1695; x_wconf 95' lang='lat' dir='ltr'>N</span> <span class='ocrx_word' id='word_1_144' title='bbox 483 1659 512 1696; x_wconf 89' lang='lat' dir='ltr'><strong>ec</strong></span> <span class='ocrx_word' id='word_1_145' title='bbox 529 1641 653 1712; x_wconf 83' lang='lat' dir='ltr'><strong>promissa</strong></span> <span class='ocrx_word' id='word_1_146' title='bbox 669 1641 749 1712; x_wconf 82' lang='lat' dir='ltr'><strong>igitur</strong></span> <span class='ocrx_word' id='word_1_147' title='bbox 760 1641 883 1695; x_wconf 81' lang='lat' dir='ltr'><strong>servanda</strong></span> <span class='ocrx_word' id='word_1_148' title='bbox 899 1646 960 1697; x_wconf 89' lang='lat' dir='ltr'><strong>sunt</strong></span> <span class='ocrx_word' id='word_1_149' title='bbox 976 1661 1021 1709; x_wconf 79' lang='lat' dir='ltr'><strong>ee,</strong></span> 
     </span>
     <span class='ocr_line' id='line_1_19' title="bbox 221 1717 1015 1790; baseline 0.005 -20"><span class='ocrx_word' id='word_1_150' title='bbox 221 1735 279 1787; x_wconf 88' lang='lat' dir='ltr'><strong>quse</strong></span> <span class='ocrx_word' id='word_1_151' title='bbox 297 1717 349 1772; x_wconf 88' lang='lat' dir='ltr'><strong>sint</strong></span> <span class='ocrx_word' id='word_1_152' title='bbox 367 1718 406 1784; x_wconf 89' lang='lat' dir='ltr'><strong>iis,</strong></span> <span class='ocrx_word' id='word_1_153' title='bbox 424 1717 517 1790; x_wconf 88' lang='lat' dir='ltr'><strong>quibus</strong></span> <span class='ocrx_word' id='word_1_154' title='bbox 537 1718 690 1789; x_wconf 86' lang='lat' dir='ltr'><strong>promiseris,</strong></span> <span class='ocrx_word' id='word_1_155' title='bbox 706 1717 822 1772; x_wconf 84' lang='lat' dir='ltr'><strong>inutilia:</strong></span> <span class='ocrx_word' id='word_1_156' title='bbox 845 1734 901 1784; x_wconf 92' lang='lat' dir='ltr'><strong>nec,</strong></span> <span class='ocrx_word' id='word_1_157' title='bbox 917 1719 940 1773; x_wconf 89' lang='lat' dir='ltr'><strong>si</strong></span> <span class='ocrx_word' id='word_1_158' title='bbox 957 1720 1015 1788; x_wconf 86' lang='lat' dir='ltr'><strong>plus</strong></span> 
     </span>
     <span class='ocr_line' id='line_1_20' title="bbox 221 1793 1015 1865; baseline 0.004 -18"><span class='ocrx_word' id='word_1_159' title='bbox 221 1793 270 1848; x_wconf 91' lang='lat' dir='ltr'><strong>tibi</strong></span> <span class='ocrx_word' id='word_1_160' title='bbox 288 1798 404 1860; x_wconf 80' lang='lat' dir='ltr'><strong>noceant,</strong></span> <span class='ocrx_word' id='word_1_161' title='bbox 422 1812 497 1864; x_wconf 82' lang='lat' dir='ltr'><strong>quam</strong></span> <span class='ocrx_word' id='word_1_162' title='bbox 514 1793 551 1849; x_wconf 91' lang='lat' dir='ltr'><strong>illi</strong></span> <span class='ocrx_word' id='word_1_163' title='bbox 571 1795 679 1865; x_wconf 87' lang='lat' dir='ltr'><strong>prosint,</strong></span> <span class='ocrx_word' id='word_1_164' title='bbox 696 1793 739 1848; x_wconf 84' lang='lat' dir='ltr'><strong>oui</strong></span> <span class='ocrx_word' id='word_1_165' title='bbox 755 1794 908 1864; x_wconf 88' lang='lat' dir='ltr'><strong>promiseris,</strong></span> <span class='ocrx_word' id='word_1_166' title='bbox 925 1800 1015 1850; x_wconf 88' lang='lat' dir='ltr'><strong>eontra</strong></span> 
     </span>
     <span class='ocr_line' id='line_1_21' title="bbox 220 1870 1021 1942; baseline -0.004 -18"><span class='ocrx_word' id='word_1_167' title='bbox 220 1871 330 1924; x_wconf 86' lang='lat' dir='ltr'><strong>officium</strong></span> <span class='ocrx_word' id='word_1_168' title='bbox 343 1875 391 1936; x_wconf 91' lang='lat' dir='ltr'><strong>est,</strong></span> <span class='ocrx_word' id='word_1_169' title='bbox 404 1871 487 1942; x_wconf 85' lang='lat' dir='ltr'><strong>majas</strong></span> <span class='ocrx_word' id='word_1_170' title='bbox 502 1871 621 1940; x_wconf 84' lang='lat' dir='ltr'><strong>anteponi</strong></span> <span class='ocrx_word' id='word_1_171' title='bbox 633 1870 739 1925; x_wconf 88' lang='lat' dir='ltr'><strong>minori:</strong></span> <span class='ocrx_word' id='word_1_172' title='bbox 758 1873 796 1935; x_wconf 89' lang='lat' dir='ltr'><strong>ut,</strong></span> <span class='ocrx_word' id='word_1_173' title='bbox 807 1871 829 1924; x_wconf 92' lang='lat' dir='ltr'><strong>si</strong></span> <span class='ocrx_word' id='word_1_174' title='bbox 841 1870 1021 1936; x_wconf 72' lang='lat' dir='ltr'><strong>constitueris,</strong></span> 
     </span>
     <span class='ocr_line' id='line_1_22' title="bbox 220 1947 1012 2018; baseline 0 -18"><span class='ocrx_word' id='word_1_175' title='bbox 220 1951 248 2001; x_wconf 87' lang='lat' dir='ltr'><strong>te</strong></span> <span class='ocrx_word' id='word_1_176' title='bbox 260 1947 370 2017; x_wconf 76' lang='lat' dir='ltr'><strong>cuipiam</strong></span> <span class='ocrx_word' id='word_1_177' title='bbox 382 1947 531 2002; x_wconf 84' lang='lat' dir='ltr'><strong>advocatum</strong></span> <span class='ocrx_word' id='word_1_178' title='bbox 543 1947 570 2001; x_wconf 89' lang='lat' dir='ltr'><strong>in</strong></span> <span class='ocrx_word' id='word_1_179' title='bbox 578 1966 630 2002; x_wconf 91' lang='lat' dir='ltr'><strong>rem</strong></span> <span class='ocrx_word' id='word_1_180' title='bbox 643 1953 794 2018; x_wconf 64' lang='lat' dir='ltr'><strong>presentem</strong></span> <span class='ocrx_word' id='word_1_181' title='bbox 804 1964 859 2000; x_wconf 90' lang='lat' dir='ltr'><strong>esse</strong></span> <span class='ocrx_word' id='word_1_182' title='bbox 868 1953 1012 2014; x_wconf 82' lang='lat' dir='ltr'><strong>venturum,</strong></span> 
     </span>
     <span class='ocr_line' id='line_1_23' title="bbox 220 2021 1012 2095; baseline 0.003 -18"><span class='ocrx_word' id='word_1_183' title='bbox 220 2027 299 2094; x_wconf 88' lang='lat' dir='ltr'><strong>atque</strong></span> <span class='ocrx_word' id='word_1_184' title='bbox 315 2023 416 2078; x_wconf 89' lang='lat' dir='ltr'><strong>interim</strong></span> <span class='ocrx_word' id='word_1_185' title='bbox 432 2024 544 2094; x_wconf 71' lang='lat' dir='ltr'><strong>grueter</strong></span> <span class='ocrx_word' id='word_1_186' title='bbox 559 2027 684 2095; x_wconf 81' lang='lat' dir='ltr'><strong>egrotare</strong></span> <span class='ocrx_word' id='word_1_187' title='bbox 701 2023 768 2077; x_wconf 87' lang='lat' dir='ltr'><strong>filius</strong></span> <span class='ocrx_word' id='word_1_188' title='bbox 785 2021 897 2091; x_wconf 75' lang='lat' dir='ltr'><strong>ceperit,</strong></span> <span class='ocrx_word' id='word_1_189' title='bbox 911 2040 962 2076; x_wconf 90' lang='lat' dir='ltr'><strong>non</strong></span> <span class='ocrx_word' id='word_1_190' title='bbox 978 2023 1012 2079; x_wconf 91' lang='lat' dir='ltr'><strong>sit</strong></span> 
     </span>
     <span class='ocr_line' id='line_1_24' title="bbox 219 2097 1012 2171; baseline -0.001 -17"><span class='ocrx_word' id='word_1_191' title='bbox 219 2104 311 2155; x_wconf 85' lang='lat' dir='ltr'><strong>eontra</strong></span> <span class='ocrx_word' id='word_1_192' title='bbox 321 2100 438 2165; x_wconf 90' lang='lat' dir='ltr'><strong>officium,</strong></span> <span class='ocrx_word' id='word_1_193' title='bbox 448 2117 500 2153; x_wconf 92' lang='lat' dir='ltr'><strong>non</strong></span> <span class='ocrx_word' id='word_1_194' title='bbox 512 2099 601 2164; x_wconf 82' lang='lat' dir='ltr'><strong>lacere,</strong></span> <span class='ocrx_word' id='word_1_195' title='bbox 613 2099 682 2171; x_wconf 89' lang='lat' dir='ltr'><strong>quod</strong></span> <span class='ocrx_word' id='word_1_196' title='bbox 694 2097 803 2163; x_wconf 80' lang='lat' dir='ltr'><strong>dixeris3</strong></span> <span class='ocrx_word' id='word_1_197' title='bbox 822 2097 952 2168; x_wconf 84' lang='lat' dir='ltr'><strong>magisque</strong></span> <span class='ocrx_word' id='word_1_198' title='bbox 961 2098 1012 2164; x_wconf 91' lang='lat' dir='ltr'><strong>ille,</strong></span> 
     </span>
     <span class='ocr_line' id='line_1_25' title="bbox 218 2173 1019 2248; baseline -0.001 -17"><span class='ocrx_word' id='word_1_199' title='bbox 218 2177 261 2232; x_wconf 91' lang='lat' dir='ltr'><strong>cui</strong></span> <span class='ocrx_word' id='word_1_200' title='bbox 273 2177 425 2248; x_wconf 88' lang='lat' dir='ltr'><strong>promissum</strong></span> <span class='ocrx_word' id='word_1_201' title='bbox 441 2175 483 2241; x_wconf 91' lang='lat' dir='ltr'><strong>sit,</strong></span> <span class='ocrx_word' id='word_1_202' title='bbox 497 2175 528 2230; x_wconf 83' lang='lat' dir='ltr'><strong>ab</strong></span> <span class='ocrx_word' id='word_1_203' title='bbox 544 2175 625 2230; x_wconf 91' lang='lat' dir='ltr'><strong>officio</strong></span> <span class='ocrx_word' id='word_1_204' title='bbox 642 2173 763 2238; x_wconf 83' lang='lat' dir='ltr'><strong>discedat,</strong></span> <span class='ocrx_word' id='word_1_205' title='bbox 777 2173 800 2228; x_wconf 86' lang='lat' dir='ltr'><strong>si</strong></span> <span class='ocrx_word' id='word_1_206' title='bbox 815 2191 843 2228; x_wconf 86' lang='lat' dir='ltr'><strong>se</strong></span> <span class='ocrx_word' id='word_1_207' title='bbox 859 2173 1019 2230; x_wconf 87' lang='lat' dir='ltr'><strong>destitutum·</strong></span> 
     </span>
     <span class='ocr_line' id='line_1_26' title="bbox 218 2251 1011 2325; baseline -0.001 -17"><span class='ocrx_word' id='word_1_208' title='bbox 218 2258 349 2325; x_wconf 87' lang='lat' dir='ltr'><strong>queratur.</strong></span> <span class='ocrx_word' id='word_1_209' title='bbox 384 2253 442 2308; x_wconf 84' lang='lat' dir='ltr'><strong>Jum</strong></span> <span class='ocrx_word' id='word_1_210' title='bbox 458 2253 508 2307; x_wconf 86' lang='lat' dir='ltr'><strong>illis</strong></span> <span class='ocrx_word' id='word_1_211' title='bbox 524 2252 654 2323; x_wconf 85' lang='lat' dir='ltr'><strong>promissis</strong></span> <span class='ocrx_word' id='word_1_212' title='bbox 670 2251 790 2305; x_wconf 89' lang='lat' dir='ltr'><strong>standum</strong></span> <span class='ocrx_word' id='word_1_213' title='bbox 806 2268 857 2306; x_wconf 88' lang='lat' dir='ltr'><strong>non</strong></span> <span class='ocrx_word' id='word_1_214' title='bbox 874 2269 938 2316; x_wconf 89' lang='lat' dir='ltr'><strong>esse,</strong></span> <span class='ocrx_word' id='word_1_215' title='bbox 954 2252 1011 2322; x_wconf 84' lang='lat' dir='ltr'><strong>quis</strong></span> 
     </span>
     <span class='ocr_line' id='line_1_27' title="bbox 217 2327 1012 2400; baseline -0.004 -15"><span class='ocrx_word' id='word_1_216' title='bbox 217 2349 271 2385; x_wconf 89' lang='lat' dir='ltr'><strong>non</strong></span> <span class='ocrx_word' id='word_1_217' title='bbox 286 2330 364 2395; x_wconf 86' lang='lat' dir='ltr'><strong>videt,</strong></span> <span class='ocrx_word' id='word_1_218' title='bbox 378 2347 434 2400; x_wconf 78' lang='lat' dir='ltr'><strong>quae</strong></span> <span class='ocrx_word' id='word_1_219' title='bbox 450 2332 553 2383; x_wconf 81' lang='lat' dir='ltr'><strong>coaetus</strong></span> <span class='ocrx_word' id='word_1_220' title='bbox 571 2328 628 2399; x_wconf 90' lang='lat' dir='ltr'><strong>quis</strong></span> <span class='ocrx_word' id='word_1_221' title='bbox 645 2331 724 2393; x_wconf 91' lang='lat' dir='ltr'><strong>metu,</strong></span> <span class='ocrx_word' id='word_1_222' title='bbox 740 2345 799 2398; x_wconf 82' lang='lat' dir='ltr'><strong>quae</strong></span> <span class='ocrx_word' id='word_1_223' title='bbox 814 2327 936 2398; x_wconf 89' lang='lat' dir='ltr'><strong>deceptus</strong></span> <span class='ocrx_word' id='word_1_224' title='bbox 953 2328 1012 2382; x_wconf 89' lang='lat' dir='ltr'><strong>dolo</strong></span> 
     </span>
     <span class='ocr_line' id='line_1_28' title="bbox 217 2403 1047 2477; baseline -0.006 -15"><span class='ocrx_word' id='word_1_225' title='bbox 217 2407 383 2477; x_wconf 72' lang='lat' dir='ltr'><strong>promiserit?</strong></span> <span class='ocrx_word' id='word_1_226' title='bbox 407 2406 473 2464; x_wconf 74' lang='lat' dir='ltr'><strong>Qua</strong></span> <span class='ocrx_word' id='word_1_227' title='bbox 491 2404 592 2475; x_wconf 89' lang='lat' dir='ltr'><strong>quidem</strong></span> <span class='ocrx_word' id='word_1_228' title='bbox 608 2404 728 2476; x_wconf 89' lang='lat' dir='ltr'><strong>pleraque</strong></span> <span class='ocrx_word' id='word_1_229' title='bbox 741 2405 800 2475; x_wconf 89' lang='lat' dir='ltr'><strong>jure</strong></span> <span class='ocrx_word' id='word_1_230' title='bbox 815 2404 933 2474; x_wconf 77' lang='lat' dir='ltr'><strong>pretorio</strong></span> <span class='ocrx_word' id='word_1_231' title='bbox 950 2403 1047 2469; x_wconf 68' lang='lat' dir='ltr'><strong>libe-33</strong></span> 
     </span>
     <span class='ocr_line' id='line_1_29' title="bbox 216 2482 567 2553; baseline -0.014 -14"><span class='ocrx_word' id='word_1_232' title='bbox 216 2490 314 2549; x_wconf 86' lang='lat' dir='ltr'><strong>rantur,</strong></span> <span class='ocrx_word' id='word_1_233' title='bbox 328 2483 449 2538; x_wconf 83' lang='lat' dir='ltr'><strong>nonnulla</strong></span> <span class='ocrx_word' id='word_1_234' title='bbox 460 2482 567 2553; x_wconf 71' lang='lat' dir='ltr'><strong>legibue</strong></span> 
     </span>
    </p>

    <p class='ocr_par' dir='ltr' id='par_1_3' title="bbox 215 2554 1009 2785">
     <span class='ocr_line' id='line_1_30' title="bbox 251 2554 1009 2628; baseline -0.012 -13"><span class='ocrx_word' id='word_1_235' title='bbox 251 2561 389 2616; x_wconf 74' lang='lat' dir='ltr'><strong>Exsistunt</strong></span> <span class='ocrx_word' id='word_1_236' title='bbox 410 2559 487 2614; x_wconf 86' lang='lat' dir='ltr'><strong>etiam</strong></span> <span class='ocrx_word' id='word_1_237' title='bbox 506 2576 572 2628; x_wconf 77' lang='lat' dir='ltr'><strong>saepe</strong></span> <span class='ocrx_word' id='word_1_238' title='bbox 589 2555 689 2627; x_wconf 84' lang='lat' dir='ltr'><strong>injuriae</strong></span> <span class='ocrx_word' id='word_1_239' title='bbox 707 2555 832 2611; x_wconf 83' lang='lat' dir='ltr'><strong>calumnia</strong></span> <span class='ocrx_word' id='word_1_240' title='bbox 849 2554 964 2624; x_wconf 85' lang='lat' dir='ltr'><strong>quadam,</strong></span> <span class='ocrx_word' id='word_1_241' title='bbox 981 2557 1009 2607; x_wconf 87' lang='lat' dir='ltr'><strong>et</strong></span> 
     </span>
     <span class='ocr_line' id='line_1_31' title="bbox 215 2628 1009 2703; baseline -0.015 -10"><span class='ocrx_word' id='word_1_242' title='bbox 215 2637 291 2693; x_wconf 90' lang='lat' dir='ltr'><strong>nimis</strong></span> <span class='ocrx_word' id='word_1_243' title='bbox 309 2636 407 2703; x_wconf 88' lang='lat' dir='ltr'><strong>callida,</strong></span> <span class='ocrx_word' id='word_1_244' title='bbox 425 2635 471 2690; x_wconf 88' lang='lat' dir='ltr'><strong>sed</strong></span> <span class='ocrx_word' id='word_1_245' title='bbox 487 2634 612 2694; x_wconf 81' lang='lat' dir='ltr'><strong>malitiosa</strong></span> <span class='ocrx_word' id='word_1_246' title='bbox 629 2633 696 2702; x_wconf 89' lang='lat' dir='ltr'><strong>juris</strong></span> <span class='ocrx_word' id='word_1_247' title='bbox 713 2631 930 2702; x_wconf 84' lang='lat' dir='ltr'><strong>interpretatione.</strong></span> <span class='ocrx_word' id='word_1_248' title='bbox 967 2628 1009 2682; x_wconf 81' lang='lat' dir='ltr'><strong>Ex</strong></span> 
     </span>
     <span class='ocr_line' id='line_1_32' title="bbox 215 2703 1009 2785; baseline -0.013 -16"><span class='ocrx_word' id='word_1_249' title='bbox 215 2733 266 2785; x_wconf 90' lang='lat' dir='ltr'><strong>quo</strong></span> <span class='ocrx_word' id='word_1_250' title='bbox 281 2712 361 2768; x_wconf 91' lang='lat' dir='ltr'><strong>illud:</strong></span> <span class='ocrx_word' id='word_1_251' title='bbox 382 2731 497 2766; x_wconf 74' lang='lat' dir='ltr'><strong>sunemum</strong></span> <span class='ocrx_word' id='word_1_252' title='bbox 506 2713 552 2781; x_wconf 79' lang='lat' dir='ltr'><strong>jue</strong></span> <span class='ocrx_word' id='word_1_253' title='bbox 567 2729 659 2764; x_wconf 73' lang='lat' dir='ltr'><strong>summ</strong></span> <span class='ocrx_word' id='word_1_254' title='bbox 675 2712 777 2779; x_wconf 77' lang='lat' dir='ltr'><strong>injuria,</strong></span> <span class='ocrx_word' id='word_1_255' title='bbox 789 2708 885 2761; x_wconf 84' lang='lat' dir='ltr'><strong>iactum</strong></span> <span class='ocrx_word' id='word_1_256' title='bbox 901 2703 1009 2774; x_wconf 84' lang='lat' dir='ltr'><strong>estjam</strong></span> 
     </span>
    </p>
   </div>
   <div class='ocr_carea' id='block_1_3' title="bbox 213 2779 1016 2942">
    <p class='ocr_par' dir='ltr' id='par_1_4' title="bbox 213 2779 1016 2942">
     <span class='ocr_line' id='line_1_33' title="bbox 214 2779 1008 2858; baseline -0.016 -13"><span class='ocrx_word' id='word_1_257' title='bbox 214 2788 305 2845; x_wconf 88' lang='lat' dir='ltr'><strong>tritum</strong></span> <span class='ocrx_word' id='word_1_258' title='bbox 323 2807 439 2843; x_wconf 88' lang='lat' dir='ltr'><strong>sermone</strong></span> <span class='ocrx_word' id='word_1_259' title='bbox 454 2786 621 2858; x_wconf 86' lang='lat' dir='ltr'><strong>proverbium.</strong></span> <span class='ocrx_word' id='word_1_260' title='bbox 659 2785 719 2843; x_wconf 76' lang='lat' dir='ltr'><strong>Quo</strong></span> <span class='ocrx_word' id='word_1_261' title='bbox 736 2785 764 2838; x_wconf 88' lang='lat' dir='ltr'><strong>in</strong></span> <span class='ocrx_word' id='word_1_262' title='bbox 779 2799 872 2854; x_wconf 83' lang='lat' dir='ltr'><strong>genere</strong></span> <span class='ocrx_word' id='word_1_263' title='bbox 888 2780 964 2834; x_wconf 85' lang='lat' dir='ltr'><strong>etiam</strong></span> <span class='ocrx_word' id='word_1_264' title='bbox 980 2779 1008 2835; x_wconf 92' lang='lat' dir='ltr'><strong>in</strong></span> 
     </span>
     <span class='ocr_line' id='line_1_34' title="bbox 213 2856 1016 2942; baseline -0.019 -18"><span class='ocrx_word' id='word_1_265' title='bbox 213 2866 345 2942; x_wconf 82' lang='lat' dir='ltr'><strong>republica</strong></span> <span class='ocrx_word' id='word_1_266' title='bbox 362 2866 444 2921; x_wconf 85' lang='lat' dir='ltr'><strong>multa</strong></span> <span class='ocrx_word' id='word_1_267' title='bbox 458 2867 612 2936; x_wconf 82' lang='lat' dir='ltr'><strong>peccantur:</strong></span> <span class='ocrx_word' id='word_1_268' title='bbox 630 2866 661 2915; x_wconf 94' lang='lat' dir='ltr'><strong>ut</strong></span> <span class='ocrx_word' id='word_1_269' title='bbox 678 2861 728 2926; x_wconf 92' lang='lat' dir='ltr'><strong>ille,</strong></span> <span class='ocrx_word' id='word_1_270' title='bbox 741 2860 794 2932; x_wconf 89' lang='lat' dir='ltr'><strong>qui,</strong></span> <span class='ocrx_word' id='word_1_271' title='bbox 805 2875 888 2929; x_wconf 85' lang='lat' dir='ltr'><strong>quum</strong></span> <span class='ocrx_word' id='word_1_272' title='bbox 900 2856 1016 2928; x_wconf 54' lang='lat' dir='ltr'><strong>triginta</strong></span> 
     </span>
    </p>
   </div>
   <div class='ocr_carea' id='block_1_4' title="bbox 0 0 1292 3367">
    <p class='ocr_par' dir='ltr' id='par_1_5' title="bbox 0 0 1292 3367">
     <span class='ocr_line' id='line_1_35' title="bbox 0 0 1292 3367; baseline 0 7"><span class='ocrx_word' id='word_1_273' title='bbox 0 0 1292 3367; x_wconf 95' lang='lat' dir='ltr'><strong> </strong></span> 
     </span>
    </p>
   </div>
  </div>
 </body>
</html>
