2575 3367
248 323 279 371 98
530 319 579 370 DE
596 317 750 369 osslcns

227 444 239 490 1
283 431 306 484 1.
319 431 435 486 Publium
447 430 600 501 dubiosum,
613 429 703 485 Mares
713 428 759 494 fili,
766 445 830 495 sues,
840 428 978 499 qulprs‘us

238 511 363 578 fricanum
373 511 511 579 appellatus
522 513 565 576 est,
577 508 657 562 dicere
673 509 776 562 eoldum
791 505 896 577 scripsit
909 506 978 570 Cato,

247 584 296 638 fuit
306 585 358 639 lere
370 589 426 655 ejus
438 584 547 654 equalis,
558 584 723 655 ‘Numquam
733 601 759 638 ss
768 585 856 637 uinus
863 583 975 638 otiosum

248 679 326 731 quum
337 679 418 731 quum
431 663 528 725 otiosus,
542 677 587 714 eree
598 663 682 715 minus
693 659 785 727 selme,
793 677 877 730 queam
887 676 978 730 qums

248 737 322 792 suet)
358 737 496 807 Magnifice
511 753 571 791 vero
584 753 633 791 vox
650 739 677 790 et
693 752 786 809 magno
803 734 859 789 viro
877 752 908 790 nc
925 734 978 806 sspr'

248 811 338 882 digna:
359 830 414 881 quse
426 811 544 878 declarat,
557 811 628 866 illurn
644 814 671 867 ct
687 810 715 865 in
731 810 785 865 otio
797 808 830 865 ds
846 810 978 882 negotiiss

248 890 310 951 tare,
328 891 354 941 et
372 888 398 941 in
416 887 551 943 solitudine
572 905 658 943 secum
676 887 747 959 loqui
767 886 888 953 solitnm;
907 892 939 941 ut
958 905 977 941 n

248 967 358 1016 cessaret
375 981 502 1034 umquam,
520 966 547 1019 et
567 962 695 1020 interdum
712 961 838 1033 colloquio
860 962 968 1017 alterins

248 1041 342 1107 egeret.
379 1038 470 1109 Itaque
482 1039 538 1094 dure
550 1057 598 1104 res,
612 1057 669 1110 qne
680 1038 828 1109 languorem
845 1037 978 1093 afferunt·

248 1112 291 1177 ris,
308 1113 376 1168 illurn
396 1114 527 1181 acuebant,
546 1115 627 1170 otium
644 1119 672 1170 et
692 1112 811 1169 solitudo.
846 1112 949 1169 Vellem
966 1132 978 1169 1

248 1189 296 1244 hoc
314 1189 379 1245 idem
396 1208 455 1245 vere
473 1190 556 1245 dicere
573 1190 676 1257 liceret;
694 1189 739 1245 sed
757 1189 779 1243 si
795 1188 880 1243 minus
896 1188 978 1244 imitat

248 1269 346 1321 tantam
358 1266 450 1337 ingenii
468 1266 640 1337 prestantium
658 1264 780 1336 consequi
794 1282 939 1336 possumus,
952 1283 978 1321 v(

249 1346 303 1398 tete
327 1347 395 1398 certe
416 1342 528 1413 proxime
549 1340 701 1396 accedimus.
735 1340 804 1395 Nam
824 1343 852 1395 ot
872 1358 889 1395 a
907 1342 978 1413 repul

249 1419 440 1488 forensibusque
463 1416 573 1488 nogotiis
601 1417 678 1471 armis
701 1414 784 1486 impiis
807 1415 884 1486 rique
908 1417 978 1487 prolr

248 1493 328 1545 otium
347 1491 520 1562 persequimur
527 1514 535 1558 3
556 1495 583 1547 st
601 1490 633 1546 ob
651 1508 706 1547 cam
724 1508 833 1556 ωιιωῐι,
855 1491 920 1547 urbe
942 1493 978 1548 rel

226 1579 308 1625 crura
319 1570 481 1636 peragrantes
494 1584 560 1638 saepe
572 1566 620 1622 soli
631 1584 726 1622 snmus
762 1565 813 1621 Sed
827 1584 876 1622 neo
891 1567 943 1623 boo
958 1585 978 1623 o*

248 1659 306 1695 oum
326 1641 440 1696 Africani
463 1642 524 1710 otio,
545 1660 592 1698 nec
614 1641 670 1697 bsee
693 1641 803 1697 solitudo
824 1659 884 1697 eum
903 1642 950 1698 illa
973 1665 978 1699 ι

247 1717 358 1786 paranda
375 1721 422 1772 est.
458 1717 504 1773 Ille
520 1719 587 1773 enim
605 1718 767 1789 requiescens
787 1734 803 1771 s
820 1718 969 1789 reipublice

248 1793 377 1848 uberrimis
390 1793 536 1848 muneribus
548 1794 629 1849 otium
642 1793 691 1849 sibi
703 1792 818 1848 sumebat
829 1793 975 1865 aliquando,

248 1874 316 1925 coetu
335 1870 465 1924 bominum
487 1870 679 1940 frequentiaque
699 1868 836 1935 interdum,
854 1873 978 1942 tanquan

247 1952 356 2016 portum,
369 1945 435 2000 sein
450 1945 611 2000 solitudinem
627 1945 772 2016 recipiebat.
807 1945 934 2002 Nostrum
952 1966 978 2003 ar

247 2023 327 2076 otium
343 2021 440 2092 negotii
459 2021 551 2092 inopia,
570 2038 622 2076 non
639 2019 813 2092 requiescendi
831 2021 927 2088 studio,
944 2041 978 2080 oo>

247 2101 332 2150 tutum
345 2104 392 2151 eet.
427 2097 563 2151 Exstincto
580 2097 646 2152 enim
664 2101 755 2150 senatu
773 2095 914 2168 deletisque
923 2098 978 2168 judi

248 2170 308 2240 quid
327 2171 455 2240 estquod
473 2172 577 2243 dignum
595 2171 668 2227 nobis
687 2171 771 2226 autin
788 2171 859 2226 curia
876 2178 923 2228 sut
939 2175 967 2232 in

225 2261 321 2315 sugere
334 2248 478 2314 possimus?
515 2249 558 2302 Ita
569 2248 613 2319 qui
629 2248 656 2302 in
672 2247 781 2302 meiime
795 2247 945 2307 celebritate
961 2270 978 2307 ss

246 2321 273 2374 in
292 2321 371 2374 oculis
392 2323 485 2377 civium
507 2324 633 2393 quondam
651 2323 797 2388 vixerimus,
816 2342 893 2390 nune,
908 2326 978 2399 fugis

247 2400 410 2464 conspectum
422 2398 609 2464 sceleratorum,
623 2399 716 2470 quibus
733 2401 817 2454 omnia
829 2401 978 2471 redundans

247 2472 330 2526 dimus
350 2492 406 2537 nos,
421 2470 544 2544 quantum
566 2477 633 2540 licet,
653 2482 680 2530 et
700 2493 767 2546 saepe
787 2476 833 2531 soli
852 2495 951 2534 sumus.

247 2550 305 2619 quia
323 2549 359 2602 sic
376 2549 407 2604 ab
424 2550 567 2604 hominibus
586 2551 668 2605 doctis
684 2552 833 2622 accepimns,
845 2571 896 2606 non
911 2558 978 2610 selus

246 2625 324 2677 mulis
341 2625 431 2694 ellqere
446 2628 554 2679 minium
574 2631 694 2696 oportere,
707 2628 749 2680 ssd
765 2630 845 2681 eliam
861 2647 978 2701 esces-per

246 2699 288 2750 luis
300 2703 370 2766 ipsis,
382 2701 483 2770 siquid
494 2702 584 2754 inesset
600 2703 679 2756 boui:
698 2705 832 2773 propterea
849 2708 876 2757 et
892 2706 948 2761 otio
960 2708 978 2760 fr

246 2790 297 2826 nou
311 2774 352 2826 illo
362 2775 470 2843 quidem,
481 2792 531 2846 qno
543 2774 652 2831 debebat
664 2776 694 2843 is,
704 2777 747 2845 qui
758 2777 884 2847 qnondam
897 2798 978 2851 peper

247 2848 327 2902 otium
347 2850 459 2917 civitati3
480 2868 526 2906 neo
546 2869 602 2906 eam
622 2851 784 2907 solitudinem
803 2852 926 2924 languere
946 2875 978 2928 ps
