2575 3367
400 317 470 369 LIB.
488 317 512 367 1.
527 317 602 368 CAP.
619 318 659 375 44,
672 319 712 366 45.
738 315 742 322 '
927 319 959 368 69

196 455 202 489 ι
217 431 344 487 favorum
356 448 434 486 causa
449 433 645 502 congregantur,
659 429 712 495 sed,
725 447 803 500 quum
822 446 961 501 congrega-

196 515 325 564 anatura
340 507 400 573 sint,
419 507 520 578 lingunt
536 508 625 561 favos:
644 507 681 560 sie
697 506 863 571 hominesue
879 508 960 560 multo

196 605 230 640 rn
251 583 336 654 msgis
353 589 446 638 natura
463 583 619 654 cougregati,
641 581 763 638 adhibent
781 582 872 652 agendi
891 584 960 653 cogi·

196 661 283 731 dique
295 659 442 714 sollertiam.
479 661 571 730 Itaque
583 659 633 714 nisi
644 677 676 714 ea
686 659 778 724 virtus,
790 677 847 728 quae
859 663 959 713 constat

198 734 355 792 hominibus
373 735 483 801 tuendis,
501 735 528 790 id
547 740 587 790 est
605 753 638 789 ex
655 735 778 790 societate
796 735 895 805 generis
915 736 960 788 hu-

196 819 233 884 ni,
255 817 368 889 attingat
384 817 554 889 cognitionem
569 835 662 882 rerum,
678 817 790 887 solivaga
806 817 918 887 cognitio
933 821 960 870 et

196 912 246 949 rna
254 892 382 948 videatur.
419 895 536 964 Itemque
551 893 707 964 magnitudo
722 894 819 958 animi,
831 899 929 947 reniote
945 911 961 947 a

196 970 343 1026 omunitate
361 970 590 1041 conjunctioneque
606 969 724 1034 humans,
738 968 826 1024 feritas
843 971 877 1024 sit
893 989 961 1040 quoe·

196 1066 214 1102 n
235 1051 264 1102 et
282 1047 433 1101 immanitas.
470 1049 512 1101 Ita
527 1047 564 1113 fit,
583 1051 613 1100 ut
631 1047 717 1100 vincat
735 1046 887 1116 cognitionis
906 1051 960 1101 stu·

196 1143 230 1179 ,m
242 1123 398 1178 consociatio
410 1123 539 1178 homiuum
552 1127 630 1193 atque
642 1123 819 1177 communitas.
849 1123 906 1177 Neo
918 1142 955 1177 vc·
968 1141 1014 1188 15⁸

196 1220 214 1254 u
240 1203 291 1263 est,
306 1198 376 1268 quod
396 1199 490 1255 dicitur
510 1218 526 1254 a
547 1198 706 1271 quibusdem,
726 1202 830 1268 propter
849 1199 958 1253 necessi·

196 1295 239 1332 em
260 1276 327 1342 vitm,
342 1275 410 1348 quod
427 1295 464 1342 ee,
478 1296 534 1348 quae
552 1280 644 1330 natura
662 1274 825 1338 desideraret,
839 1276 959 1345 consequi

196 1371 212 1408 e
235 1351 294 1406 aliis
315 1357 393 1422 atque
413 1353 511 1408 efficere
528 1370 580 1407 non
597 1368 739 1422 possemus,
758 1350 852 1404 ideireo
869 1351 959 1405 initam

196 1448 214 1484 e
227 1445 288 1483 oum
297 1427 440 1483 hominibus
453 1429 660 1484 communitatem
670 1430 696 1481 et
708 1427 863 1481 societatem.
885 1427 959 1493 Quod

197 1505 290 1560 omnia
309 1503 390 1570 nobis,
410 1523 467 1575 quae
486 1504 519 1559 ed
538 1505 635 1560 victum
655 1504 803 1574 cultumque
823 1503 960 1574 pertinent,

196 1582 234 1636 asi
259 1580 359 1651 virgula
383 1580 474 1646 divina,
497 1585 527 1636 ut
548 1581 627 1645 aiunt,
649 1581 880 1650 suppeditarentur,
901 1585 959 1636 tum

196 1658 259 1712 ;imo
272 1657 378 1728 quisque
387 1657 496 1728 ingenio,
505 1658 616 1728 negotiis
628 1656 746 1711 omnibus
757 1658 865 1724 omissis,
874 1663 958 1713 totum

202 1734 234 1788 iu
259 1733 404 1804 cognitione
423 1739 449 1788 et
471 1734 578 1788 scientia
597 1733 739 1788 collocaret.
775 1735 834 1788 Non
853 1739 893 1789 est
912 1734 957 1790 ita

196 1829 229 1866 un
242 1815 271 1864 et
283 1809 444 1864 solitudinem
458 1810 567 1882 lugeret,
580 1814 606 1864 et
619 1812 715 1865 socium
725 1810 804 1865 studii
816 1816 957 1882 quereret:

196 1907 215 1942 n
230 1885 329 1952 docere,
343 1890 398 1941 tum
412 1887 508 1942 discere
520 1887 604 1953 vellet,
618 1891 673 1942 tum
690 1886 785 1952 audire,
798 1891 853 1942 tum
866 1888 958 1944 dicere.

196 1981 232 2035 go
247 1980 322 2017 omne
338 1963 454 2028 officium,
474 1963 543 2035 quod
558 1963 591 2019 ed
608 1964 811 2033 conjunctionem
829 1964 958 2018 hominum

198 2039 232 2094 ad
250 2039 397 2094 societatem
417 2040 538 2094 tuendam
557 2040 632 2105 valet,
646 2040 850 2109 anteponendum
866 2044 906 2095 est
922 2041 959 2096 illi

196 2116 252 2180 icio,
268 2115 334 2186 quod
348 2116 493 2186 cognitione
505 2121 532 2171 et
544 2118 652 2172 scientis
663 2117 816 2171 continetur.

196 2192 282 2248 XLV.
295 2192 363 2247 Illud
371 2193 478 2247 forsitan
486 2192 648 2264 querendum
658 2194 700 2258 sit,
712 2212 772 2247 num
781 2193 835 2249 haec
844 2211 956 2250 commu·
967 2211 1014 2260 159

196 2289 239 2333 as,
253 2287 309 2340 quae
321 2269 429 2324 maxime
448 2274 488 2324 est
505 2275 566 2341 apta
579 2275 685 2337 nature,
698 2270 733 2324 sit
750 2271 827 2325 etiarn
844 2272 958 2326 modern„

197 2348 233 2400 ni
253 2345 432 2416 uwdestiaeqoe
449 2364 549 2417 semper
567 2347 752 2417 anteponenda.
788 2347 850 2402 Nou
866 2348 958 2418 placet.

196 2428 228 2478 nt
241 2423 311 2478 enim
320 2423 435 2493 quaedam
445 2425 536 2492 partim
545 2425 582 2478 ita
591 2424 666 2490 foeda,
676 2425 768 2495 partim
778 2426 815 2481 ita
823 2427 957 2497 flagitiosa,

197 2519 236 2570 ea,
244 2518 278 2554 ne
286 2500 464 2556 conservandae
472 2501 573 2571 quidem
581 2502 669 2572 patriae
677 2520 760 2568 causa,
769 2504 868 2573 sapiens
877 2503 959 2557 factu·

196 2595 204 2632 s
217 2578 262 2632 sit.
298 2575 338 2630 Ila
350 2576 502 2632 Posidonius
515 2577 617 2649 collegit
632 2578 767 2649 permulta,
780 2578 825 2632 scd
836 2578 873 2632 ita
884 2581 959 2632 taetra

196 2654 286 2721 oedam,
298 2652 336 2706 ita
348 2651 462 2718 obsceno„
476 2656 506 2707 ut
518 2652 589 2708 dictu
605 2673 705 2725 quoque
716 2654 851 2709 videantur
865 2655 959 2723 turpia

196 2748 227 2785 eo
238 2729 322 2800 igitur
333 2746 385 2782 nou
399 2729 521 2800 suscipiet
537 2730 683 2800 reipublicae
699 2748 790 2785 causa:
809 2747 842 2783 ue
854 2729 959 2799 respub·

196 2823 209 2860 a
221 2804 325 2878 quidem
339 2821 385 2874 pro
397 2823 425 2858 se
437 2805 531 2876 suscipi
542 2805 618 2860 volet.
645 2806 695 2860 Sed
706 2806 755 2859 hoe
764 2804 918 2860 commodius
930 2823 959 2860 se

196 2902 202 2938 ι
213 2881 303 2947 habet,
318 2880 386 2951 quod
398 2898 449 2935 nou
461 2885 547 2952 potest
564 2882 677 2937 occidere
689 2887 798 2953 tempus,
811 2885 842 2936 nt
857 2883 958 2938 intersit
