2575 3367
300 467 332 514 62
584 465 633 514 DE
652 465 806 514 orrlcns

278 585 290 633 l
334 575 358 630 Ι.
378 576 606 635 Quauannonuu
625 580 707 636 officia
726 576 881 634 ducerentur
900 575 934 632 ab
954 576 1092 642 honestate

301 653 391 708 Marce
403 654 446 719 fili,
461 660 538 725 atque
550 655 582 710 ab
594 658 664 711 omni
680 673 773 727 genere
784 653 895 719 virtutis,
908 653 972 709 satis
990 655 1096 726 explica·

300 740 355 783 tum
377 729 486 786 arbitror
502 731 566 786 libro
578 734 717 803 superiore.
753 731 881 801 Sequitur,
897 732 928 784 ιιι
939 730 1094 786 haecoffioio·

300 824 356 861 rum
369 826 462 878 genera
473 826 616 880 persequar,
628 828 686 881 qnae
697 808 827 880 pertinent
836 806 869 862 ad
879 806 941 862 ritoe
951 807 1058 873 cultum,
1069 809 1094 861 et

301 883 333 937 ad
345 902 430 938 earum
441 903 534 951 rerum,
547 885 639 957 quibus
651 891 762 941 utuntur
773 883 895 950 homines,
907 883 1053 950 facultates,
1064 881 1094 937 ad

301 978 369 1030 opes,
384 961 415 1014 ad
424 961 516 1032 copias.
542 963 588 1034 [ln
600 981 651 1035 quo
660 967 715 1018 tum
726 961 805 1033 quaeri
813 960 874 1027 dixi,
884 961 947 1032 qnid
956 961 1028 1027 utile,
1038 959 1094 1033 quid

300 1036 408 1102 inutile;
426 1041 489 1103 tum,
502 1057 536 1093 ex
548 1039 655 1094 utilibus
667 1037 729 1110 quid
746 1038 842 1103 utilius,
855 1040 901 1092 aut
912 1037 976 1109 quid
989 1039 1094 1093 maxime
1120 1074 1124 1133 q

300 1112 385 1182 utile]
420 1115 461 1169 De
476 1115 568 1185 quibus
587 1115 670 1171 dicere
687 1113 827 1186 aggrediar,
840 1113 863 1169 si
879 1131 962 1184 pauca
976 1115 1049 1186 prius
1065 1113 1095 1168 de

277 1188 421 1245 2instituto
439 1209 468 1246 ac
486 1191 517 1247 de
532 1192 628 1263 judicio
644 1210 701 1246 meo
719 1191 815 1245 dixero.
851 1190 1015 1261 Quamquam
1031 1191 1095 1246 enim

301 1265 359 1320 libri
372 1267 454 1322 nostri
472 1269 613 1339 complures
628 1287 680 1323 non
696 1267 771 1322 modo
787 1266 820 1322 ad
835 1265 944 1338 legendi,
958 1267 1005 1322 sed
1021 1268 1094 1322 etiam

302 1341 481 1400 adscribendi
504 1345 617 1400 studium
641 1345 836 1400 excitaverunt:
859 1348 946 1398 tamen
968 1343 1094 1399 interdum

302 1439 397 1486 vereor,
411 1441 443 1477 ne
455 1421 605 1493 quibusdam
617 1422 691 1478 bonis
703 1421 763 1476 viris
776 1419 940 1492 philosophiae
954 1438 1048 1476 nomen
1063 1420 1095 1475 sit

302 1496 419 1566 invisum,
434 1499 607 1570 mirenturque
623 1499 651 1554 in
668 1502 815 1554 astantum
830 1514 871 1551 me
888 1514 972 1566 operae
989 1501 1017 1553 et
1034 1503 1096 1553 tem·
1122 1542 1124 1549 .

303 1575 371 1644 poris
384 1592 484 1644 ponere.
520 1575 576 1646 ligo
593 1578 686 1640 autem,
700 1573 820 1646 quamdiu
833 1572 977 1643 respublica
993 1592 1041 1645 per
1054 1590 1095 1629 eos
1122 1552 1126 1655 i

303 1649 446 1719 gerebatur,
458 1650 548 1721 quibus
561 1669 589 1705 se
600 1651 656 1721 ipsa
667 1650 834 1715 commiserat,
843 1667 932 1704 omnes
941 1667 1012 1706 meas
1024 1666 1095 1706 ouras

303 1725 520 1797 cogitationesque
530 1727 561 1784 ,in
576 1745 630 1781 eam
647 1728 813 1782 conferebam.
849 1727 935 1792 Quum
949 1732 1036 1782 autem
1053 1727 1097 1782 do·

303 1800 402 1855 minatu
422 1802 498 1857 unius
517 1804 601 1858 omnia
621 1807 777 1868 tenerentur,
796 1821 878 1873 neque
899 1808 968 1858 esset
989 1820 1096 1876 usquam

304 1878 408 1936 oonsilio
420 1883 466 1934 aut
475 1879 622 1935 auctoritati
633 1880 712 1947 locus,
721 1879 802 1935 socios
815 1879 923 1951 denique
931 1879 1038 1936 tuendae
1050 1880 1097 1936 ret

304 1955 418 2025 publicae,
439 1975 551 2012 summos
569 1957 643 2025 viros,
660 1957 815 2022 amisissem
838 1973 886 2012 nee
903 1975 944 2011 me
959 1958 1096 2028 angoribus
1120 1984 1122 1989 ·

305 2033 397 2100 dedidi,
414 2034 505 2105 quibus
523 2054 592 2090 eram
608 2036 748 2102 coniectus,
765 2033 813 2088 nisi
830 2033 862 2088 iis
877 2033 1039 2101 restitissem,
1052 2050 1097 2090 nea

280 2125 294 2169 3
305 2131 405 2166 rursum
418 2112 528 2184 indignis
539 2112 641 2168 bomine
653 2112 728 2167 docto
739 2109 922 2181 voluptatibus.
947 2112 1037 2182 Atque
1048 2111 1097 2167 uti-

304 2207 362 2242 nam
386 2189 529 2260 respublica
549 2189 740 2260 stetissetque
760 2190 878 2258 coeperat,
898 2190 979 2252 statu,
999 2207 1048 2245 nec
1070 2188 1096 2243 in
1120 2214 1123 2253 p

302 2264 416 2320 homines
434 2271 551 2321 nontam
570 2264 804 2323 commutandarum
822 2282 913 2328 rerum,
932 2283 1010 2335 quam
1028 2283 1096 2321 ever·
1128 2297 1130 2334 3

305 2341 438 2395 tendarum
457 2342 562 2412 cupidos
574 2343 719 2400 incidisset!
751 2341 865 2395 Primum
881 2341 956 2406 enim,
970 2347 1002 2397 ut
1013 2345 1096 2398 stante
1128 2375 1130 2381 ·

304 2416 434 2487 republica
450 2418 533 2474 lacere
554 2421 704 2485 solebamus,
722 2418 750 2473 in
770 2417 868 2488 agendo
889 2417 955 2487 plus,
975 2437 1053 2489 qnam
1072 2418 1097 2473 in
1118 2394 1130 2465 b

305 2492 445 2558 scribendo,
457 2512 540 2565 operar
556 2514 722 2568 poneremus:
741 2494 832 2549 deinde
849 2493 911 2564 ipsis
928 2494 1033 2567 scriptis
1048 2510 1097 2552 non

304 2587 342 2634 ea,
356 2588 412 2640 quse
423 2589 498 2641 nunc,
508 2571 553 2628 sed
561 2574 673 2629 actiones
682 2575 782 2628 nostras
792 2571 975 2638 mandaremus,
990 2578 1020 2628 ut
1033 2591 1096 2644 saepo
1128 2574 1130 2612 ἶ

305 2646 420 2701 fecimus.
455 2649 543 2707 Quum
561 2654 647 2706 autem
665 2648 813 2720 respublica,
830 2648 858 2702 in
875 2666 926 2719 qua
942 2651 1026 2706 omnis
1044 2668 1096 2707 mes
1122 2657 1130 2723 j

304 2742 373 2789 cura,
386 2725 518 2795 cogitatio,
530 2745 607 2797 opera
622 2728 683 2798 poni
699 2724 803 2792 solebat,
814 2723 885 2779 nulla
900 2728 970 2780 esset
988 2732 1095 2794 ommno,
1129 2735 1130 2743 ’

303 2799 352 2856 illre
365 2799 461 2858 s'cilioot
478 2802 559 2858 litere
576 2806 761 2868 conticuerunt,
777 2802 891 2856 forenses
910 2807 937 2858 et
955 2804 1095 2863 senatoria·

279 2884 377 2939 4Nihil
390 2902 465 2954 agere
477 2890 561 2938 autem
575 2901 655 2953 quum
666 2883 765 2937 animus
777 2899 828 2936 non
845 2886 939 2952 posset,
951 2883 981 2937 in
992 2884 1033 2941 bis
1045 2890 1095 2942 stu·

304 2959 352 3014 diis
371 2959 402 3014 ab
423 2961 496 3015 initio
516 2965 632 3014 versatus
653 2959 737 3014 atatis
757 2957 900 3014 existimavi
921 2959 1096 3018 honestissima

297 3035 432 3093 molestias
445 3055 523 3111 posse
539 3035 638 3106 deponi,
651 3036 673 3092 si
689 3053 731 3091 me
747 3034 779 3089 ad
797 3034 982 3106 philosophiam
998 3039 1096 3095 retulis
1120 3024 1123 3081 i
