2575 3367
277 320 310 369 10
555 319 646 367 CATO
664 318 783 366 MAJou

279 429 427 482 thesaurum
439 426 574 482 obruisset.
596 427 697 493 Omnia,
710 445 767 498 qua
779 429 879 491 curant,
889 426 1017 481 meminero

242 503 421 558 22vadimonia
433 504 588 568 constituta3
607 503 651 573 qui
666 503 722 568 sibi,
735 503 777 558 cui
789 503 839 573 ipsi
851 503 970 557 debeant
1004 502 1017 556 i

277 579 471 651 jurisconsulti?
503 578 564 649 quid
586 578 737 649 pontifices?
767 578 830 649 quid
853 580 986 648 anginas?
1014 603 1017 628 ι

280 656 423 728 philosophi
440 657 533 710 senos?
557 673 633 725 quam
651 656 732 710 multa
748 654 938 711 meminerunt!
970 654 1017 708 Mu

279 735 382 807 ingenia
393 733 503 799 senibus,
517 733 591 788 modo
606 737 752 804 parmaneat
764 733 879 788 studium
895 738 924 787 et
937 731 1017 787 indust

281 828 329 865 nec
346 828 376 864 ea
393 809 474 864 solum
494 810 523 864 in
539 809 614 864 claris
634 813 661 864 et
679 810 808 864 honoratis
826 809 897 875 viris,
917 809 964 864 sed
980 809 1008 864 in

279 885 355 940 etiam
373 885 472 954 privata
487 890 514 940 et
526 885 619 956 quieta
656 885 793 956 Sophocles
805 884 838 940 ad
850 903 978 940 summam
993 902 1017 939 se

280 965 363 1015 tutem
384 960 521 1031 tragoedias
544 960 620 1016 iecit:
649 961 718 1031 quod
738 965 842 1031 propter
862 960 979 1015 studium
997 978 1017 1030 q=

281 1054 334 1091 rem
350 1035 479 1106 negligere
495 1037 642 1092 familiarem
656 1036 791 1101 videretur,
804 1054 820 1089 a
835 1036 894 1090 filiis
911 1036 939 1090 in
951 1035 1017 1106 judi

281 1115 387 1166 vocatus
405 1117 453 1177 est,
466 1116 503 1176 ut,
517 1112 727 1183 quemadmodum
745 1116 833 1166 nostro
851 1129 923 1166 more
941 1110 1007 1166 male

282 1184 429 1258 gerentibus
441 1187 556 1256 putribus
568 1186 640 1243 bonis
657 1187 773 1243 interdici
785 1187 858 1253 solet,
871 1186 910 1241 sic
921 1186 1017 1255 illumq

283 1263 448 1333 desipientem
469 1280 484 1317 a
503 1281 531 1317 re
551 1262 668 1319 familiari
688 1267 848 1318 removerent
865 1262 977 1333 jndices.
1011 1262 1017 1315 '.

282 1358 360 1394 senex
378 1338 473 1394 dicitur
490 1357 545 1394 earn
563 1339 682 1405 iabuiam,
696 1357 770 1410 quarn
788 1341 816 1393 in
833 1337 953 1392 munibus
969 1337 1017 1392 hah

246 1425 248 1429 '
283 1421 309 1469 et
327 1416 439 1485 proxime
455 1416 597 1485 scripserat,
611 1415 732 1484 OEdipum
747 1414 887 1469 Coloneum
903 1415 1017 1468 recitasse

283 1489 388 1555 dicibus,
414 1491 591 1562 quaesissequs,
617 1509 684 1544 aum
708 1490 779 1544 allud
800 1507 907 1544 ccmun
931 1491 1017 1558 decipi

283 1565 437 1618 videret-ur?
473 1566 533 1625 Quo
551 1567 666 1630 recitato,
679 1566 813 1621 sententiis
826 1563 946 1634 judicum
962 1568 1003 1619 est

244 1643 361 1694 23ratus.
395 1639 466 1694 Num
484 1641 564 1712 igitur
580 1643 657 1708 huuc,
674 1660 735 1696 num
755 1643 906 1705 Homerum,
923 1658 985 1695 num
1003 1640 1017 1695 1

284 1714 368 1780 odom,
386 1734 448 1770 num
466 1716 627 1786 Simonidem,
644 1736 708 1771 num
725 1716 908 1782 Stesichorum,
925 1734 1017 1782 nura·

284 1797 344 1846 ante
370 1791 430 1857 dixi,
455 1791 601 1858 Isocratem,
628 1793 756 1863 Gorgiam,
779 1810 840 1846 num
868 1790 1017 1862 philosopho

284 1869 417 1941 principes,
441 1868 619 1940 Pythagoram,
644 1868 827 1932 Democritum,
852 1884 916 1921 num
936 1867 1017 1921 Plator

284 1961 347 1998 num
358 1944 534 2008 Xenocratem,
547 1962 609 1998 num
621 1948 712 2014 postea
723 1943 857 2006 fanonem,
871 1941 1017 1997 Cleanthem

285 2036 351 2084 curn,
362 2037 435 2090 quem
445 2037 489 2074 vos
498 2020 575 2075 etiarn
584 2019 685 2075 vidistis
694 2019 791 2082 Roma,
801 2017 947 2087 Diogenem
957 2017 1017 2072 scot

228 2104 256 2136 Γ
285 2095 369 2166 coegit
381 2095 408 2148 in
423 2095 477 2150 suis
493 2095 584 2150 studiis
597 2095 772 2150 obmutescere
783 2093 924 2148 senectus?
943 2110 978 2148 an
988 2092 1016 2148 in

245 2173 277 2220 24
286 2170 360 2225 nibus
377 2170 417 2224 his
435 2170 578 2225 studiorum
596 2171 703 2242 agitatio
717 2171 778 2224 vitre
793 2167 897 2238 aqualis
913 2168 986 2224 fuit?
1014 2214 1017 2223 .

285 2249 315 2299 ut
332 2246 383 2299 ista
400 2245 485 2300 diviua
502 2246 587 2301 studia
604 2248 759 2311 omittamus,
774 2263 879 2316 possum
896 2245 1017 2300 nominas

286 2337 348 2390 agro
369 2319 462 2374 Sabino
486 2323 594 2376 rusticos
616 2325 752 2386 Romanos,
773 2320 870 2375 vicinos
895 2325 923 2375 et
943 2320 1016 2376 famil

286 2413 362 2459 meos,
382 2395 473 2466 quibus
494 2396 641 2452 absentibus
663 2414 799 2466 numquam
820 2395 874 2450 iere
894 2396 949 2450 ulla
972 2398 1000 2452 iu

287 2471 383 2542 majora
397 2488 473 2541 opera
484 2472 556 2536 fiunt,
570 2490 622 2526 non
638 2472 759 2537 serendis,
772 2489 823 2525 non
838 2471 1017 2541 percipiendis,

286 2546 422 2602 condendis
444 2547 579 2603 fructibus.
616 2550 774 2617 Quamquam
796 2546 824 2601 in
844 2546 900 2600 aliis
924 2549 1013 2602 minus

287 2623 387 2677 mirum.
424 2624 507 2678 Nemo
523 2624 589 2678 enirn
606 2627 646 2677 est
658 2626 711 2677 turn
728 2641 812 2686 senex,
825 2622 869 2692 qui
881 2639 910 2676 se
922 2641 1017 2677 annum

286 2704 360 2767 putet
378 2716 451 2769 posse
469 2700 560 2753 vivere.
597 2698 648 2752 Sed
666 2698 741 2752 iidem
762 2699 789 2751 in
808 2699 845 2752 eis
864 2696 1007 2766 elaborant,

286 2775 370 2828 sciunt
382 2775 444 2828 nihil
456 2774 488 2828 ad
500 2793 527 2828 se
539 2773 640 2827 omnino
654 2775 797 2842 pertinere:

410 2855 472 2901 Serit
481 2854 579 2908 arboris,
589 2868 640 2911 quoe
649 2854 718 2899 alteri
728 2855 795 2900 saeclo
805 2853 904 2912 prosint,

239 2930 278 2977 Μ
282 2925 314 2979 ut
327 2923 366 2980 ait
378 2925 478 2982 Statius
494 2929 582 2981 noster
593 2924 620 2978 in
633 2923 798 2994 Synephebis.
834 2924 892 2978 Nee
904 2941 967 2978 vero
979 2923 1017 2979 dui
