2575 3367
295 310 327 362 74
515 345 518 351 ‚
579 309 629 358 DE
647 307 802 358 omens

294 419 409 475 homines
424 419 571 475 existimant
586 438 723 492 veramque
739 418 909 490 prudentium.
945 420 1031 477 Jnet'u
1043 436 1082 474 eu·
1120 448 1130 487 Ι

294 501 348 551 tem
360 502 386 551 et
398 496 455 552 fidis
467 496 618 562 hominibus,
631 497 710 553 idest
722 496 783 552 uiris
796 495 878 563 bonis,
890 496 929 551 itu
941 496 1005 553 lidus
1015 496 1083 552 babe-
1120 524 1130 563 ι

295 577 346 640 tur,
360 580 390 628 ut
401 573 471 629 nulla
482 574 517 628 sit
528 574 556 628 in
567 573 607 628 hie
619 573 715 628 fraudis
727 572 878 645 injurimqne
890 573 1012 644 suspicio.
1037 574 1084 627 Ita·
1120 601 1130 641 p

296 669 346 722 que
357 650 397 706 his
409 650 517 706 salutem
529 654 650 716 nostram,
660 649 700 705 his
708 649 833 715 fortunae,
844 648 885 704 bis
897 648 994 705 liberos
1004 650 1085 705 motis·
1108 662 1130 723 [Ι

255 728 360 782 alsine
377 727 501 782 committi
519 726 679 782 arbitramur.
716 727 816 780 Harum
833 725 916 796 igitur
933 726 1042 781 duarum
1056 722 1086 779 ud
1108 728 1130 794 'p

296 803 371 858 iidem
389 802 529 858 laciendum
543 802 648 873 justitia
664 802 722 873 plus
738 801 833 873 pollet:
851 802 949 874 quippe
967 820 1045 876 quum
1059 818 1086 855 ea
1120 836 1130 890 φ

296 880 351 935 siue
368 878 503 949 prudentia
517 879 580 934 eatis
594 878 687 934 habeut
703 878 871 945 maturitatis,
885 878 1024 949 prudentia
1037 877 1087 933 siue
1120 913 1130 950 n

293 956 395 1027 justitia
405 955 468 1010 nihil
480 955 563 1010 valeat
575 955 608 1010 ad
618 954 759 1011 laciendum
770 955 853 1010 fidem
885 956 945 1022 Quo
956 957 1024 1011 mim
1036 954 1087 1026 quis
1107 958 1130 1027 lp

296 1033 424 1087 versutior
435 1036 462 1087 et
474 1031 594 1098 callidior,
603 1032 653 1087 boo
664 1031 769 1087 invisior
776 1035 804 1086 et
815 1032 970 1102 suspeetior,
978 1031 1088 1088 denum
1120 1066 1130 1102 p

297 1109 414 1181 opinione
431 1107 574 1180 probitatis.
610 1108 780 1173 Quamobrem
797 1107 977 1180 intelligentia
990 1107 1088 1179 justitia
1109 1126 1130 1179 ῑ,

297 1189 440 1256 conjunctu,
457 1189 581 1256 quantum
595 1183 672 1250 volet,
688 1183 793 1239 habebit
808 1183 841 1239 ed
857 1184 1001 1240 fsaimdnm
1018 1183 1087 1240 fidem
1109 1190 1130 1273 lp

298 1263 396 1319 virium.
431 1261 544 1318 Justitia
558 1261 613 1315 eine
628 1260 765 1331 prudentia
780 1260 890 1316 multum
906 1262 1022 1333 putauit:
1038 1261 1086 1317 rire
1109 1278 1130 1365 ,μζ

294 1336 578 1409 justitiauibilvalebit
590 1337 733 1408 prudentia
1117 1358 1130 1424 p

258 1426 288 1471 ³5
333 1418 367 1471 X.
386 1417 437 1471 Sed
450 1435 483 1471 ne
495 1416 551 1486 quis
563 1414 598 1469 sit
610 1413 757 1479 admiratus,
770 1431 823 1480 our,
834 1431 913 1484 quum
925 1412 996 1469 inter
1007 1428 1085 1469 omna
1118 1450 1130 1503 ἲ

299 1493 461 1563 philosophos
473 1495 581 1557 oonstet,
594 1509 610 1545 a
624 1509 715 1561 meque
727 1491 782 1560 ipso
799 1507 866 1561 serpe
878 1489 1039 1560 disputatum
1050 1490 1085 1552 sit
1118 1528 1130 1563 n

300 1569 343 1638 qui
361 1587 437 1622 unam
455 1568 568 1634 haberet,
579 1585 668 1622 ornnes
688 1566 781 1622 habere
795 1566 912 1631 virtutus¹
925 1584 997 1623 nuno
1008 1567 1045 1623 ita
1054 1583 1087 1621 se
1118 1606 1130 1639 f

295 1649 411 1714 jungam,
424 1644 496 1715 quasi
511 1644 592 1714 possit
610 1643 751 1715 quiequam,
764 1643 808 1713 qui
826 1660 878 1697 nou
895 1642 965 1699 idem
983 1642 1087 1715 prudens
1118 1676 1130 1718 p

300 1721 342 1787 sit,
350 1724 438 1791 justus
450 1738 521 1775 esee:
539 1719 640 1774 aliaest
652 1719 702 1785 illa,
716 1738 794 1790 quum
809 1719 904 1774 veritus
918 1718 977 1789 ipsu
991 1719 1087 1775 limatur
1118 1760 1130 1797 ff

301 1797 328 1852 in
347 1796 525 1867 disputatione,
547 1795 693 1862 subtilitas;
720 1795 776 1864 ulie,
797 1813 874 1867 quum
896 1794 930 1849 ud
950 1795 1088 1866 opinionem
1118 1800 1130 1873 ἑ,

301 1891 457 1929 communem
470 1871 551 1927 omnis
567 1871 772 1927 aroommodutur
785 1871 874 1927 oratio.
912 1870 1088 1932 Quamobrem

301 1956 332 2007 ut
349 1951 449 2023 vulgus,
468 1949 505 2005 ita
521 1967 568 2004 uos
585 1949 634 2004 boo
651 1948 707 2004 looo
724 1948 858 2019 loquimur,
876 1950 907 2003 ut
925 1947 990 2005 alios
1008 1948 1088 2009 ioum,

302 2028 363 2084 alios
373 2029 440 2084 viros
452 2027 540 2092 bonos,
550 2026 612 2081 alios
623 2024 763 2096 prudentes
775 2024 895 2079 dieamus.
924 2024 1089 2096 Popularibus
1108 1996 1130 2103 l¹

302 2107 368 2159 enim
381 2104 466 2159 verbis
481 2107 522 2158 eet
533 2101 659 2172 agendum
672 2105 699 2156 et
711 2101 822 2168 usitatis,
834 2119 912 2171 quum
924 2099 1089 2172 loquimnrde
1119 2146 1130 2179 Ι

302 2181 419 2249 opinione
436 2178 560 2249 populari,
578 2178 656 2250 idque
675 2178 762 2232 eodem
782 2176 857 2231 modo
877 2177 940 2231 feeit
959 2178 1089 2233 Pauaetiue
1119 2201 1130 2255 ᾗ

261 2262 292 2306 ab
303 2255 352 2309 Sed
364 2254 395 2309 ad
412 2254 569 2324 propositum
581 2258 745 2310 revertamur.
779 2253 844 2308 Erat
861 2253 991 2324 igiturex
1007 2253 1090 2317 tntu,
1119 2299 1130 2334 Ι

301 2349 357 2402 quoe
375 2329 530 2400 adglorians
548 2331 684 2399 pertinent,
697 2330 746 2385 hoo
762 2331 875 2396 tertium,
887 2339 918 2386 ut
933 2349 995 2385 oum
1012 2327 1091 2385 auat
1120 2376 1130 2410 Ι

302 2407 403 2462 ratione
423 2406 563 2459 bominum
582 2406 679 2460 bonore
698 2406 731 2460 ab
752 2408 790 2460 iia
809 2406 889 2478 diqni
902 2407 1090 2476 judicamur.
1114 2408 1130 2488 '¹

302 2483 468 2538 Admirantur
484 2481 564 2551 igitur
580 2483 748 2537 communiter
763 2483 799 2538 illi
815 2483 915 2554 quidem
931 2483 1027 2551 omnio,
1040 2497 1090 2554 qua
1121 2532 1130 2551 ,

302 2577 394 2629 magna
413 2564 440 2613 et
464 2563 557 2628 prater
580 2558 723 2628 opinionem
747 2578 819 2614 suam
843 2558 1090 2614 animadverterunt:
1123 2606 1130 2641 1

301 2636 435 2706 separatim
448 2639 534 2689 autem
550 2634 578 2689 in
594 2634 710 2706 singulis,
722 2635 744 2690 si
761 2635 918 2706 perspiciunt
932 2653 982 2691 neo
994 2636 1092 2706 opium·
1126 2683 1130 2699 ,

302 2711 414 2783 quaedam
428 2712 502 2767 bona.
528 2713 620 2782 ltaque
632 2729 676 2765 eos
688 2712 756 2766 viros
768 2711 919 2782 suspiciunt,
930 2710 1091 2782 maximisque·
1126 2702 1130 2765 f

302 2789 410 2843 efferunt
431 2787 555 2855 laudibus,
571 2789 599 2842 in
616 2787 708 2858 quibus
727 2788 873 2842 existimant
892 2805 920 2842 se
940 2788 1090 2843 exoelleutes
1115 2820 1118 2857 -,

303 2865 424 2935 quaedam
442 2869 469 2920 et
487 2864 627 2936 singulares
645 2863 787 2937 perspicere
804 2863 929 2932 virtutem
951 2863 1091 2937 despiciunt
1118 2926 1121 2991 ι
