2575 3367
487 325 555 375 LlB.
574 325 610 375 ΙΙ.
628 325 703 373 CAP.
720 329 760 376 22.
991 328 1022 377 ol

222 438 299 493 modo
318 437 383 493 enim
406 437 455 492 boc
476 437 570 491 melum
587 437 614 491 in
631 437 697 492 lianc
718 437 899 507 rempublicam
919 437 1022 492 invasit.

223 516 316 586 ltaque
332 514 405 569 facile
421 513 576 584 patientum
594 514 682 584 potius
699 515 819 569 Pontium
834 514 921 578 luisse,
935 514 957 567 si
969 514 1024 584 qui-

222 592 328 647 demin
349 591 392 645 illo
410 594 511 645 tantum
530 591 589 644 luit.
625 589 746 645 Nondum
765 594 868 646 centum
889 596 916 644 et
936 590 1023 644 decem

221 669 283 724 anni
296 671 364 733 sunt,
378 686 455 738 quum
469 666 501 721 de
514 667 628 738 pecuniis
639 666 789 738 repetundis
799 668 854 722 aL.
865 667 959 721 Pisone
972 667 1024 720 lata

222 745 266 800 lex
278 748 326 810 est,
344 744 414 799 nulla
432 748 598 814 anteaquam
614 743 714 799 fuisset.
751 746 788 798 At
801 761 861 799 vcro
877 748 966 814 postea
982 749 1024 798 tot

221 822 302 892 legas,
316 826 343 875 et
356 821 475 891 proxima
488 838 594 893 qunque
606 820 728 885 duriores,
740 824 782 875 tot
792 821 836 886 rei,
849 825 890 876 tot
902 819 1021 885 damnati,

221 902 327 953 tautum
339 897 457 952 Italicum
469 896 565 952 bellum
583 901 688 968 propter
699 896 854 968 judiciorum
869 901 966 952 metum
979 915 1023 952 cx·

220 975 339 1039 citatum,
352 977 432 1040 tanta,
446 973 553 1029 sublatis
568 973 668 1044 legibus
680 978 707 1028 ct
721 973 833 1045 judiciis,
846 974 967 1044 expilatio
985 974 1023 1029 di·

222 1052 357 1122 reptioque
369 1052 502 1117 sociorum,
516 1055 546 1105 ut
558 1050 731 1106 imbecillitate
744 1051 856 1116 aliorum,
870 1068 921 1105 nou
933 1055 1023 1107 nostra

221 1128 321 1184 virtute
333 1127 467 1183 valeamus.

236 1214 239 1218 “
259 1204 350 1259 xm
369 1205 467 1259 Laudat
483 1204 631 1259 Africanum
647 1204 785 1268 Panaetius,
799 1202 867 1274 quod
885 1203 963 1258 fuerit
979 1203 1061 1266 arb-76

222 1280 331 1335 atinens.
356 1280 424 1346 Quid
435 1281 462 1336 ui
472 1280 579 1348 laudet?
604 1280 656 1336 Sed
667 1281 695 1335 in
706 1280 750 1334 illc
762 1279 812 1333 alia
825 1280 928 1349 majora.
954 1281 1022 1334 Inus

217 1358 386 1413 abstinentiae
398 1376 449 1412 uon
460 1357 568 1413 hominis
580 1361 620 1413 est
632 1357 722 1422 solum,
733 1355 778 1410 sed
790 1356 865 1410 etiam
879 1360 1024 1425 temporum

221 1432 333 1490 illorum.
377 1433 454 1488 Omni
475 1433 648 1489 Macedonum
668 1451 738 1504 gana,
760 1451 815 1503 quae
836 1431 886 1486 luit
907 1432 1022 1498 unanima,

217 1511 324 1582 potitus
337 1515 376 1564 est
385 1509 504 1564 Paullus:
523 1514 624 1564 tantum
634 1510 661 1564 in
671 1511 786 1565 oerarium
797 1508 910 1579 pecuniae
918 1509 1022 1573 invexit,

223 1592 255 1643 rit
267 1587 344 1641 unius
360 1588 519 1656 imperatoris
533 1587 618 1658 proeda
633 1588 709 1642 linem
725 1586 841 1642 attulerit
859 1586 1023 1641 tributorum.

224 1664 263 1719 At
284 1663 325 1719 hic
345 1664 407 1718 nihil
428 1663 530 1718 domum
551 1681 623 1717 suam
644 1668 737 1735 praeter
752 1663 897 1719 memoriam
916 1663 1024 1718 nominis

218 1739 405 1809 ¹sempiternam
418 1739 518 1795 detulit.
545 1740 667 1795 Imitatus
679 1746 778 1811 patrem
790 1741 934 1804 Africanus,
944 1739 1024 1793 nihilo

224 1816 378 1888 locupletior
391 1817 545 1888 Cartbagine
557 1835 655 1872 eversa.
690 1818 777 1883 Quini
796 1817 839 1888 qui
856 1817 911 1888 ejus
927 1815 1024 1884 collega

225 1894 277 1948 ibit
289 1893 317 1947 in
333 1911 440 1948 censura
452 1895 481 1948 Ιι.
494 1893 643 1959 Mummius,
656 1894 780 1966 numquid
798 1894 930 1964 copiosior,
945 1911 1023 1962 quum

225 1970 424 2041 copiosissimam
437 1970 528 2026 urbem
541 1970 657 2025 funditus
674 1971 840 2025 sustulisset?
871 1969 970 2024 Italiam
983 1987 1024 2022 or-

225 2065 296 2113 nare,
315 2067 389 2119 quam
407 2047 509 2102 domum
529 2067 608 2113 suam,
629 2048 728 2102 maluit.
764 2049 925 2117 Quamquam
947 2047 1024 2101 ltalia

226 2129 324 2190 ornata,
350 2125 439 2180 domus
462 2125 518 2196 ipsa
541 2125 604 2180 mihi
629 2124 732 2180 videtur
755 2123 875 2179 omni-ior.
918 2123 1062 2182 Nullumll

224 2203 308 2274 igitur
326 2201 416 2257 vitium
432 2204 540 2267 tetrius,
562 2205 660 2270 (uteo,
684 2201 752 2257 unde
770 2201 890 2274 degressa
912 2205 960 2265 est,
984 2219 1024 2255 re-

219 2276 294 2334 'ierat
306 2297 333 2334 sc
346 2279 447 2350 oratio)
460 2298 535 2350 quam
548 2279 661 2343 avaritia,
674 2279 814 2349 presertim
830 2279 857 2333 in
870 2277 1023 2349 principibus

225 2355 408 2427 rempublicam
431 2355 640 2428 gubernantibus.
689 2354 792 2410 Habere
816 2355 883 2410 enim
913 2355 1023 2426 quaestui

225 2432 408 2504 rempublicam
420 2451 472 2487 non
487 2431 562 2486 modo
574 2436 650 2502 turpe
662 2435 709 2496 est,
723 2431 767 2486 sed
780 2432 929 2486 sceleratum
946 2431 1023 2485 etium

227 2514 253 2564 et
279 2509 412 2565 nefarium.
460 2510 551 2580 ltaque
578 2507 647 2579 quod
670 2508 762 2579 Apollo
785 2510 895 2579 Pythius
919 2508 1022 2562 oraculo

226 2586 314 2652 edidit,

345 2704 452 2763 Spartam
463 2703 527 2750 nulla
537 2718 568 2758 rc,
577 2703 622 2750 nisi
632 2711 731 2750 avantm
740 2704 873 2763 perituram,

228 2819 252 2874 id
264 2819 367 2875 videtur
379 2837 430 2872 non
446 2817 526 2872 solum
540 2815 742 2880 Lacedaemoniis,
756 2813 801 2868 sed
818 2813 893 2867 etiam
906 2808 1023 2864 omnibus

171 2913 173 2919 ¹
193 2972 197 2977 Ι
229 2898 356 2970 opulentis
368 2895 468 2967 populis
480 2895 638 2965 praedixisse.
663 2892 742 2946 Nulla
754 2895 839 2946 autem
850 2907 878 2943 re
890 2885 1023 2943 conciliare

191 2980 198 3007 Ι
