2575 3367
285 438 319 486 u
571 437 621 486 DE
640 436 798 486 ounlcne

282 545 368 610 theno,
386 543 498 600 Cononis
509 543 584 610 filine,
597 545 649 617 qui,
662 564 741 616 quum
756 544 817 601 belli
827 543 903 600 laude
913 561 968 600 nm
979 543 1081 601 murier
1121 555 1126 604 1

283 622 383 687 fuisset,
397 640 472 693 quam
484 625 565 693 pater,
578 621 611 676 ad
623 640 679 677 eam
695 622 794 677 laudem
807 621 930 677 decerne
947 632 977 677 et
989 621 1081 693 ingenii
1122 646 1126 680 ι

282 697 390 769 gloriam
415 697 514 769 adjecit.
560 698 604 754 Fit
628 703 714 754 autem
740 698 876 763 interdum,
900 700 933 752 ut
959 698 1080 764 nonnulli,
1122 722 1126 774 ς

285 775 378 830 omissa
393 775 536 830 imitatione
553 779 687 844 majorum,
700 793 776 830 suum
791 773 918 846 quoddam
932 774 1081 830 institutum
1122 800 1126 850 l

284 854 487 922 consequantur:
512 851 671 922 maximeque
688 851 716 906 in
735 869 766 906 eo
783 850 933 921 plerumque
952 850 1080 906 &borant
1122 877 1126 926 ς

284 927 310 992 ii,
327 927 372 997 qui
391 944 483 997 magna
499 925 549 982 eibi
564 931 717 998 proponunt,
734 927 849 983 obscuris
866 926 919 981 cuti
935 925 1079 998 majoribu
1123 951 1126 984 l

228 1011 274 1062 117
286 1004 352 1058 Hac
369 1002 449 1073 igitur
467 1003 558 1067 omnia,
573 1021 653 1073 quum
671 1003 807 1074 querimur
824 1001 886 1074 quid
903 1001 1003 1069 meur
1016 1020 1080 1059 eon·
1123 1027 1126 1060 l

283 1079 361 1149 plecti
373 1079 456 1133 animo
468 1082 495 1133 ct
507 1080 662 1150 cogitatione
678 1079 806 1134 debemur.
841 1078 981 1150 Inprimis
997 1083 1081 1134 autem
1115 1090 1126 1152 'J

284 1154 489 1210 constituendum
508 1162 556 1221 eet,
570 1174 693 1227 quernos
709 1158 736 1211 et
751 1154 839 1226 quales
854 1173 911 1210 enee
927 1154 1043 1220 velimus,
1054 1158 1081 1210 et
1123 1205 1126 1213 ,

283 1231 311 1286 in
323 1250 373 1302 quo
388 1249 481 1302 genere
490 1232 566 1287 vitae:
593 1251 649 1303 quae
667 1231 815 1287 deliberatio
833 1234 873 1285 eat
889 1231 1004 1286 omnium
1020 1231 1081 1287 diffi·
1124 1237 1126 1289 l

286 1308 387 1363 cillima
422 1308 534 1363 Ineunte
546 1309 614 1363 euim
631 1307 808 1372 odolescentia,
821 1324 900 1378 quum
918 1308 1081 1362 estmaxirnc
1124 1334 1125 1365 1

283 1384 442 1440 imbecillitas
462 1385 567 1450 consilii,
582 1389 638 1440 tum
657 1384 685 1440 id
702 1383 752 1439 eibi
769 1384 878 1454 quiaque
895 1401 980 1452 genno
998 1385 1079 1439 ntat'u
1124 1437 1125 1440 ,

284 1461 405 1533 degendae
426 1462 569 1526 constituit,
592 1459 662 1532 quod
684 1460 793 1515 maxime
816 1459 951 1514 adamavit.
987 1460 1080 1531 Itaque
1124 1485 1125 1489 1

283 1545 343 1594 aute
360 1537 504 1609 implicatur
522 1537 606 1607 aliquo
624 1540 696 1591 certo
712 1553 805 1607 genere
822 1553 951 1605 curruque
968 1535 1078 1601 vivendi,

229 1625 274 1671 118
285 1628 360 1680 quam
384 1613 479 1682 potuit,
504 1611 573 1683 quod
595 1612 720 1683 optimum
744 1615 820 1677 esset,
841 1610 966 1681 judicare
1013 1612 1079 1668 Nam

284 1685 352 1756 quod
371 1688 509 1744 Herculem
531 1687 675 1743 Prodicium
693 1688 789 1753 dicunt,
801 1692 833 1744 ut
850 1691 890 1743 eet
907 1686 978 1759 apud
995 1688 1080 1744 Xeno·

283 1762 412 1831 phoutem,
432 1781 511 1833 quum
530 1763 639 1834 primum
659 1762 922 1834 pubesceret—quod
942 1766 1047 1834 tempus
1065 1781 1081 1819 a

283 1842 376 1892 natura
392 1838 425 1893 ad
442 1839 610 1910 deligendum,
624 1858 700 1910 quam
719 1840 827 1911 quisque
844 1839 910 1894 viam
928 1839 1033 1896 vivendi
1046 1841 1078 1896 eit

283 1915 452 1986 ingressurus,
472 1915 559 1970 datum
578 1916 746 1981 est-exisse
766 1916 794 1970 iu
812 1914 984 1981 solitudinem,
1003 1921 1079 1988 utque

284 1991 319 2048 ibi
339 1992 469 2048 sedentem
490 1993 535 2048 diu
555 2009 641 2048 secum
661 1992 820 2064 multumque
840 1990 978 2057 dubitasne,
1001 2011 1080 2065 quum

284 2066 347 2124 duas
365 2073 479 2125 cerneret
495 2070 556 2135 viae,
570 2087 647 2123 unam
664 2067 821 2138 Voluptatis,
834 2068 939 2123 alteram
956 2068 1077 2134 Virtutis,

283 2148 367 2200 utram
388 2146 487 2218 ingredi
507 2145 597 2202 melius
618 2150 702 2200 esset:
726 2145 775 2200 boc
792 2143 908 2210 Herculi,
926 2143 1000 2200 Jovir
1022 2151 1079 2200 ratu

284 2221 359 2286 edito,
374 2223 458 2292 potuit
473 2224 584 2277 fortasse
598 2222 766 2291 contingere;
793 2219 866 2275 nobie
882 2237 934 2275 non
951 2220 1023 2286 item,
1037 2220 1080 2293 qui

283 2296 420 2363 imitamur,
431 2315 494 2368 quoe
506 2299 598 2368 cuique
609 2298 692 2352 vinnm
704 2301 751 2361 est,
762 2300 839 2367 atque
851 2295 884 2350 ad
893 2314 983 2351 eorum
995 2298 1080 2353 studia

284 2371 454 2442 institutaque
472 2373 640 2444 impellimur;
665 2372 813 2443 plerumque
830 2376 916 2427 autem
935 2375 1079 2442 putentium

284 2448 873 2517 praeceptisimbutiadeorumconsuetudinem
882 2449 1079 2520 moremquede-
1124 2454 1125 2474 ¹

284 2522 410 2577 ducimur.
429 2523 481 2578 Alii
490 2523 662 2578 multitudinis
670 2524 768 2593 judicio
780 2524 898 2580 feruntur
910 2543 1018 2596 queque
1030 2543 1078 2580 ma·

279 2600 332 2671 jori
341 2599 407 2669 parti
415 2599 582 2669 pulcherrima
590 2599 866 2666 videntur,eamaxime
873 2604 1079 2672 exoptantmon-

286 2675 351 2730 nulli
363 2679 447 2730 tamen
460 2675 513 2730 eive
526 2675 649 2731 felicitate
658 2676 773 2747 quadum,
784 2678 838 2732 sive
845 2678 960 2732 bonitate
971 2683 1078 2744 natura,

284 2753 338 2806 aive
351 2752 493 2822 parentium
504 2750 637 2821 disciplina
648 2757 744 2808 rectam
758 2753 817 2807 vitre
829 2753 911 2807 secuti
923 2757 985 2808 aunt
996 2755 1071 2810 viam.

229 2837 276 2885 119
319 2828 449 2883 XXXIIL
465 2826 628 2883 illudentem
637 2829 837 2884 maximcrarum
844 2847 926 2900 genus
933 2834 1078 2895 eeteorum.
1124 2884 1125 2899 ¹

284 2905 329 2973 qui
347 2911 391 2958 aut
409 2904 555 2960 excellentie
573 2904 669 2975 ingenii
688 2905 871 2976 magnitudine,
893 2909 939 2959 aut
959 2907 1081 2977 pruclura

285 2978 426 3035 eruditione
444 2987 521 3053 atque
539 2981 661 3046 doctriua,
680 2985 725 3037 aut
743 2987 851 3053 utraque
868 2998 896 3037 re
914 2982 1006 3048 ornati,
1024 2999 1080 3055 spa·
