2575 3367
294 317 325 365 68
541 316 544 325 ’
579 314 629 363 DE
646 315 800 365 omens

293 419 345 472 tum
369 414 476 486 cupidus
500 415 526 471 in
550 415 724 487 perspicienda
746 413 973 487 cognoscendaque
1000 430 1079 470 rerum
1115 453 1127 496 3

293 500 391 558 nutura,
413 498 452 561 ut,
469 493 493 548 si
509 493 533 549 ei
550 494 671 549 tractanti
688 492 921 565 contemplantique
938 510 982 548 rea
999 491 1080 564 cogni·
1116 518 1127 571 q

293 570 363 625 tione
384 569 544 642 dignissimus
561 570 647 626 subito
665 571 699 626 sit
716 571 820 626 allatum
837 568 981 640 perieulum
999 568 1079 624 discri-
1115 596 1126 647 q

292 665 400 718 menque
418 648 513 718 patrie,
530 648 572 704 cui
587 647 721 703 subvenire
738 646 908 718 opitularique
926 645 1016 717 possit,
1033 662 1080 700 uon
1115 682 1126 724 q

292 723 336 778 illa
346 723 430 778 omnia
445 724 571 795 relinquat
583 729 661 796 atque
676 723 786 795 abjiciat,
799 722 875 778 etiam
890 721 914 778 si
925 721 1079 778 dinumerare
1116 761 1124 798 ι

292 818 320 856 se
336 800 430 865 stellas,
443 805 488 855 aut
505 801 588 855 metiri
605 799 695 855 mundi
711 798 912 871 magnitudinem
930 817 1008 871 posse
1020 798 1080 855 arbi·
1117 843 1126 881 ²

292 878 395 932 tuetur?
425 879 511 949 Atque
529 878 578 933 hoc
595 877 662 933 idem
680 877 707 931 in
724 876 882 947 parentiqin
900 876 977 932 amici
994 894 1023 932 rc
1039 878 1080 931 aut
1117 904 1126 949 ,-

239 963 284 1010 155
292 953 402 1024 periculo
415 953 510 1010 lecerit.
546 954 648 1013 Quibus
662 953 737 1009 rebus
754 953 913 1024 intelligitur,
927 952 1021 1009 studiis
1032 952 1081 1008 oli·
1111 946 1126 1033 ,¹

291 1035 386 1107 ciisque
406 1037 518 1092 scientie
537 1035 704 1107 preponenda
723 1052 779 1090 esse
796 1033 877 1089 officia
890 1034 1010 1104 justitia,
1028 1051 1081 1104 qnae
1111 1036 1126 1108 l,

291 1113 419 1182 pertinent
432 1113 463 1167 ad
475 1112 605 1168 bominum
617 1112 764 1178 caritatem
783 1129 834 1183 qua
844 1110 909 1166 nibil
920 1110 1018 1167 bomini
1028 1127 1080 1167 esec
1111 1106 1125 1183 ’,·

291 1187 515 1262 debetantiqnius.
866 1206 869 1211 ’
1120 1224 1126 1260 ;

326 1265 424 1322 XLIV.
443 1269 528 1338 Atque
545 1266 589 1332 illi,
608 1283 716 1336 quorum
734 1262 820 1319 studia
836 1263 941 1335 vitaque
958 1262 1081 1319 omnbin
1120 1297 1126 1336 1

290 1359 373 1398 rerum
388 1344 531 1415 cognitione
542 1347 643 1399 versata
656 1345 704 1406 est,
717 1345 803 1397 tamen
821 1339 853 1396 ab
867 1339 993 1411 augendis
1004 1339 1081 1395 bomi-
1121 1377 1125 1413 ,

290 1435 350 1472 num
364 1420 516 1475 utilitatibus
528 1426 555 1475 et
567 1418 705 1475 commodis
716 1436 768 1473 nou
778 1421 946 1472 recesserunt.
977 1416 1081 1472 Namet
1121 1453 1126 1488 ,

290 1495 454 1550 erudiverunt
470 1496 571 1564 multos,
584 1514 634 1567 quo
650 1495 766 1550 meliores
784 1495 852 1550 cives
868 1492 1035 1565 utilioresque
1046 1510 1082 1547 re-
1122 1517 1126 1564 p

290 1569 338 1624 bus
354 1572 407 1626 suis
423 1571 531 1641 publicis
547 1575 650 1627 essentz
669 1576 699 1626 ut
715 1570 864 1627 Thebanum
880 1568 1081 1640 Epaminondam
1123 1606 1126 1641 ι

289 1645 365 1717 Lysis
379 1647 559 1719 Pythagoreus,
574 1647 734 1719 Syracusium
747 1648 856 1703 Dionem
866 1646 947 1711 Plato,
958 1646 1081 1717 multique
1123 1651 1126 1714 ξ

289 1723 399 1779 multos:
420 1741 516 1795 nosque
532 1724 589 1794 ipsi,
606 1724 730 1796 quidquid
747 1724 780 1779 ad
796 1722 978 1792 rempublicam
996 1722 1082 1777 attuli·
1116 1759 1125 1789 „

289 1817 354 1865 mus,
377 1799 410 1870 (si
430 1799 504 1855 moda
524 1800 618 1872 aliquid
639 1801 793 1868 attulimus)
812 1799 990 1854 adoctcribus
1008 1804 1083 1871 atquc
1117 1790 1126 1870 {1

237 1887 282 1934 lte
290 1874 404 1931 doctrina
416 1876 533 1932 instructi
546 1877 645 1932 adeam
657 1881 684 1932 et
696 1877 780 1931 ornati
795 1876 955 1931 accessimus.
992 1876 1082 1948 Neque

289 1952 369 2007 solum
382 1953 433 2009 vivi
445 1958 522 2025 etque
541 1958 678 2024 praesentes
694 1953 822 2008 studiosos
837 1952 951 2007 discendi
962 1952 1083 2007 erudiunt

289 2034 366 2101 atque
383 2030 483 2095 docent,
496 2031 540 2086 sed
556 2031 605 2086 hoc
620 2030 687 2085 idem
705 2029 781 2084 etiam
798 2033 977 2100 postmortem
995 2046 1082 2084 monn·
1117 1994 1121 2111 l

289 2107 381 2160 mentis
392 2107 521 2163 literarum
535 2110 713 2178 assequuntur.
748 2107 806 2161 Nec
818 2106 885 2161 enim
896 2104 968 2159 loeus
980 2111 1083 2176 prreter·

289 2183 382 2237 missus
398 2188 438 2238 est
454 2183 486 2238 ab
502 2184 542 2250 iis,
559 2184 605 2253 qni
622 2182 654 2237 ad
672 2183 749 2253 leges,
765 2182 809 2253 qui
826 2181 859 2237 ad
875 2198 967 2246 mores,
989 2183 1034 2254 qui
1051 2180 1082 2236 ad
1116 2154 1120 2223 l

289 2256 446 2327 disciplinam
464 2258 607 2329 reipublice
627 2260 785 2329 pertineret;
806 2262 836 2313 ut
855 2258 937 2312 otium
955 2275 1033 2313 sunm
1050 2256 1081 2313 ad

288 2336 404 2386 nostrum
422 2335 553 2404 negotium
571 2335 709 2390 contulisse
726 2337 868 2391 videantur.
911 2335 954 2389 Ita
970 2335 1008 2389 illi
1025 2334 1080 2405 ipsi,
1120 2336 1122 2343 '

288 2407 410 2463 doctrinae
422 2410 513 2465 studiis
525 2415 552 2465 et
568 2413 701 2482 sapientias
713 2411 800 2476 dediti,
814 2411 846 2465 ad
863 2410 995 2466 bominum
1013 2410 1082 2465 utili·

288 2489 368 2540 tatem
386 2503 457 2541 suem
478 2486 672 2557 intelligentiam
689 2487 899 2557 prudentiamque
920 2487 1081 2555 potissimum

289 2563 431 2620 conferunt.
466 2563 507 2618 Ob
527 2581 632 2634 eumque
651 2582 752 2618 caucam
774 2564 858 2634 eloqui
878 2563 987 2632 copiose,
1008 2563 1081 2617 modo

289 2640 435 2711 prudenter,
456 2640 545 2694 melius
564 2645 612 2704 est,
634 2658 708 2712 quam
730 2639 771 2695 vel
792 2639 937 2694 acutissime
958 2640 1014 2694 sine
1032 2639 1083 2694 elo-

289 2719 394 2789 quentia
415 2716 535 2788 cogiterc,
560 2715 627 2787 quod
648 2715 770 2787 cogitatio
794 2716 821 2771 in
840 2734 867 2770 se
888 2716 944 2786 ipsa
964 2717 1081 2782 vertitur,

289 2794 433 2865 eloquentia
450 2791 626 2864 complectitur
644 2810 696 2857 eos,
721 2792 872 2863 quibuscum
899 2794 1082 2848 communitate

236 2869 282 2922 157
287 2869 371 2941 juncti
382 2889 479 2927 sumus.
513 2872 600 2941 Atque
611 2875 642 2924 ut
660 2887 735 2941 apum
752 2869 868 2926 examina
883 2886 935 2923 non
952 2869 1084 2942 tingendo-
