2575 3367
393 308 441 356 Du
460 310 635 359 AMICITIA.
666 314 738 360 CAP.
755 315 791 369 18,
806 316 842 362 19.
986 317 1015 363 61

223 418 357 484 severitas,
376 419 452 475 babet
470 421 513 476 illa
530 422 630 493 quidem
652 425 818 494 gravitatem
843 425 888 480 sed
908 426 1019 481 amicitia

227 496 355 549 remissior
367 515 422 551 esse
435 497 510 552 debet
526 505 552 553 et
567 500 669 554 liberior
680 509 707 555 et
719 500 816 555 dulcior
827 508 854 555 et
870 501 902 556 ad
917 520 1017 556 omnem

227 572 372 625 comitatem
385 574 583 645 facilitatemque
595 577 737 646 proclivior.

263 648 338 701 XIX.
357 649 467 704 Exsistit
479 655 565 705 autern
582 653 630 707 hoo
645 653 701 707 loeo
714 652 827 722 quadam
840 652 946 722 quoestio
958 653 1015 707 sub
1025 653 1056 706 67

228 722 348 777 difficilis:
374 743 434 779 num
454 727 553 796 qnando
574 728 648 782 amici
666 729 733 793 nori,
752 729 823 798 digni
841 729 957 796 amicitia,
976 747 1017 783 aa·

228 799 325 854 teribus
338 800 389 854 sint
402 803 577 871 anteponendi,
591 808 620 858 ut
637 805 708 875 equis
721 805 813 859 vetulis
829 810 930 859 teneros
947 810 1017 859 ante·

228 893 321 945 ponere
334 877 450 931 solemus.
475 878 586 948 Indigna
597 879 698 934 homine
710 881 852 938 dubitatio!
877 881 938 935 Non
950 881 1017 934 enim

228 952 394 1006 amicitiarum
407 953 499 1008 debent
511 972 573 1021 esse,
586 955 652 1009 sicut
664 956 767 1010 aliarum
780 975 863 1011 rerum
877 957 1016 1011 satietates.

228 1027 378 1082 Veterrimae
391 1047 504 1100 quaeque,
516 1035 546 1084 ut
562 1049 592 1085 ea
607 1032 672 1098 vina,
685 1050 741 1101 quar
753 1030 907 1088 vetustatem
922 1033 1015 1098 ferunt,

228 1122 284 1158 esse
302 1105 395 1160 debent
413 1109 575 1162 suavissima:
596 1127 734 1179 verumque
751 1109 813 1164 illud
830 1114 878 1175 est,
895 1109 963 1179 quod
980 1109 1018 1163 di·

229 1182 303 1244 citur,
313 1182 406 1236 mattos
415 1184 514 1236 modios
522 1185 586 1236 calab
594 1185 676 1237 simol
684 1185 791 1238 edendas
798 1203 853 1251 esse,
863 1191 893 1238 ut
902 1185 1018 1239 amicitiae

229 1275 321 1310 munus
331 1258 459 1328 expletum
472 1260 512 1312 sii.
538 1260 675 1314 Novitates
685 1266 777 1324 autem,
787 1261 809 1314 si
821 1279 890 1330 spem
901 1261 1016 1325 afferunt,
1025 1266 1056 1313 68

229 1337 266 1397 ut,
280 1339 407 1402 tamquam
424 1335 450 1388 in
466 1334 550 1389 herbis
565 1353 614 1389 non
627 1336 765 1400 fallacibus,
778 1336 878 1390 fructus
890 1343 1016 1405 appareat,

229 1427 280 1462 non
296 1416 356 1462 sunt
368 1410 415 1464 illae
428 1410 528 1481 quidem
545 1411 721 1480 repudiandae3
740 1416 854 1466 vetustas
870 1418 955 1465 tamen
971 1430 1017 1464 suo

229 1485 284 1537 loco
297 1486 467 1540 conservanda
483 1490 531 1541 est.
567 1487 681 1542 Maxima
696 1492 736 1542 est
752 1488 818 1542 enim
830 1488 869 1542 vis
881 1489 1017 1542 vetustatis

229 1567 255 1613 et
274 1562 470 1617 consuetudinis.
507 1562 577 1621 Quin
597 1563 653 1633 ipso
674 1582 746 1635 equo,
765 1564 839 1635 cujus
857 1563 931 1618 modo
949 1583 1017 1619 men·

229 1637 324 1690 tionem
343 1638 398 1704 leci,
416 1639 439 1692 si
455 1638 525 1692 nulla
541 1657 582 1693 res
600 1639 728 1711 impediat,
746 1658 820 1695 nemo
838 1646 885 1705 est,
904 1640 948 1710 qni
966 1659 1017 1695 non

223 1730 266 1778 eo,
282 1731 331 1783 quo
347 1715 485 1780 consuevit,
501 1714 620 1768 libentius
638 1721 735 1779 utatur,
747 1733 821 1784 quam
838 1716 974 1770 intractato
989 1721 1016 1770 et

228 1808 309 1843 novo:
329 1808 375 1843 nac
385 1808 444 1845 vero
455 1791 482 1844 in
494 1790 549 1856 boc,
559 1789 626 1860 quod
638 1794 678 1844 est
688 1791 786 1855 animal,
796 1790 876 1844 sedin
887 1791 919 1844 iis
931 1792 1014 1856 etiarn,

229 1885 284 1934 quae
297 1872 357 1919 sunt
369 1866 512 1930 inanimata,
523 1865 679 1920 consuetudo
691 1866 758 1920 valet
765 1887 773 1931 ;
792 1883 868 1936 quum
881 1865 942 1919 loeis
954 1866 1016 1936 ipsis

228 1942 389 2008 delectemur,
406 1942 546 1996 montuosis
562 1943 638 1996 etiam
656 1946 683 1996 et
699 1941 864 2006 silvestribus,
881 1941 1015 2012 inquibus

228 2018 324 2072 diutius
337 2018 483 2073 commorati
495 2036 589 2072 sumus.

264 2094 313 2148 Sed
327 2095 460 2149 maximum
474 2094 552 2148 estin
568 2093 684 2157 amicitia,
698 2093 850 2163 superiorem
863 2111 947 2163 parem
960 2111 1014 2146 esse
1022 2103 1056 2152 69

227 2171 356 2226 inferiori:
380 2189 446 2241 saepe
463 2170 531 2225 enim
546 2169 701 2224 excellentia
717 2168 832 2240 quaedam
850 2172 919 2230 sunt,
936 2169 1015 2239 qualis

215 2252 282 2301 'erat
293 2247 416 2316 Scipionis
428 2248 453 2301 in
466 2250 561 2311 nostro,
571 2251 600 2301 ut
612 2246 649 2300 ita
658 2245 747 2311 dicam,
756 2263 842 2316 grege.
870 2245 1016 2315 Numquam

227 2343 255 2378 se
279 2323 320 2377 ille
341 2323 421 2387 Philo,
443 2340 581 2392 numquam
601 2321 714 2392 Rupilio,
734 2340 871 2392 numquam
891 2321 1016 2375 Mummio

227 2400 379 2468 anteposuit,
393 2417 529 2468 numquam
541 2397 667 2452 inferioris
679 2397 773 2452 ordinis
785 2398 879 2452 amicis.
915 2398 948 2456 0.
957 2415 1016 2451 vero

221 2476 369 2530 *blaximum
389 2474 502 2538 fratrem,
521 2474 651 2544 egregium
672 2474 761 2538 virum,
783 2474 885 2527 omnino
906 2473 953 2527 sibi
974 2490 1017 2526 ue·

227 2569 352 2622 quaquam
364 2567 457 2620 parem,
472 2549 572 2618 quadis
585 2549 698 2604 anteibat
710 2553 792 2613 aetate,
804 2554 932 2619 tamquam
945 2565 1016 2616 supe·

226 2630 318 2683 riorem
339 2625 437 2680 colebat
458 2643 567 2694 suosque
588 2643 676 2678 omnes
695 2642 739 2693 per
760 2642 787 2677 sc
808 2641 863 2677 esse
884 2623 1016 2692 ampliores

220 2702 335 2758 nolebat.
372 2701 448 2760 Quod
460 2700 601 2755 faciendum
619 2699 819 2767 imitandumque
831 2702 870 2752 est
884 2697 1000 2752 omnibns
1010 2722 1014 2751 :
1024 2705 1056 2756 70

226 2790 264 2844 ut,
277 2780 298 2831 si
316 2795 389 2848 quam
409 2776 579 2846 prestantium
594 2775 705 2838 virtutis,
720 2774 820 2844 ingenii,
834 2774 942 2828 fortunae
958 2791 1017 2827 con·

226 2855 309 2911 secuti
328 2860 396 2918 suut,
414 2853 561 2922 impertiunt
582 2869 612 2907 aa
632 2852 685 2920 ¹suis
704 2849 939 2920 communicentque
959 2866 1016 2903 curn
