2575 3367
260 310 291 358 94
545 309 594 356 DE
613 309 767 357 OFFlCllS
792 348 794 353 ,

260 426 287 477 et
299 421 365 476 boue
376 419 467 476 civium
481 419 538 474 voci
550 419 675 491 subjicere
687 420 818 492 praeconia.
849 421 887 475 At
898 421 942 477 ille
955 422 1019 477 Grae

262 498 300 567 (id
313 498 381 568 quod
399 498 448 552 luit
460 497 581 568 sapientis
593 503 620 552 et
634 498 778 568 praestantis
794 497 854 568 viri)
867 499 986 555 omuibus
1002 517 1019 555 o

262 575 393 630 solendum
406 575 522 645 putavit:
540 592 619 645 eaque
635 580 676 629 est
691 593 791 630 summa
806 575 873 630 ratio
889 580 917 631 et
935 576 1019 647 sapien

262 651 323 707 boni
334 651 404 718 civis,
416 649 548 706 commoda
562 651 656 706 civium
671 669 722 705 non
738 650 864 718 divellere,
878 659 957 724 atque
974 671 1019 707 omi

263 729 384 800 aequitate
395 728 482 783 eadem
495 728 632 783 continere.
670 727 798 783 Habitent
816 729 897 799 gratis
915 729 945 785 in
960 730 1019 804 ulier

265 805 332 871 Quid
356 805 412 860 ital
447 805 495 870 Ut,
514 823 592 876 quum
609 822 658 874 ego
676 804 787 869 emerim,
808 804 962 872 redificarim,
980 812 1019 863 tus

264 880 415 952 impendam,
428 884 466 946 tu,
479 899 520 936 me
531 881 620 947 inrito,
633 880 719 936 fruare
731 882 809 936 meo?
845 882 918 941 Quid
934 883 1019 939 eatuli

226 967 258 1014 84
266 958 321 1013 aliis
333 975 380 1012 sua
392 957 496 1028 cripere,
508 957 564 1013 aliis
580 956 640 1012 dare
659 957 758 1013 ebena?
793 957 897 1014 Tabulae
912 977 976 1015 vero
990 978 1019 1015 m

267 1034 328 1105 quid
339 1033 434 1089 habent
450 1034 600 1105 argumenti,
613 1033 664 1088 nisi
679 1038 709 1088 ut
726 1052 795 1089 emas
812 1053 870 1089 mea
880 1036 991 1107 pecuma
1008 1036 1019 1091 l

267 1111 344 1166 dum:
363 1129 420 1165 eum
433 1114 464 1166 tu
473 1111 575 1179 habeas,
587 1129 634 1182 ego
645 1128 699 1165 non
709 1109 814 1166 habeam
825 1112 982 1182 pecuniam?

303 1188 405 1243 XXIV.
425 1188 601 1256 Quamobrem,
612 1205 645 1242 ne
657 1187 692 1242 sit
703 1205 738 1244 ees
750 1186 867 1252 alienum,
880 1188 951 1259 quod
962 1187 1018 1259 reip

268 1264 324 1320 licoe
343 1268 442 1331 noceat,
460 1264 644 1337 providendum
662 1268 710 1329 est,
729 1263 796 1335 qnod
814 1263 903 1319 multis
921 1264 1019 1321 rationi

269 1344 353 1398 caveri
370 1347 470 1414 potest;
488 1361 547 1409 non,
566 1342 589 1398 si
605 1342 692 1410 fuerit,
707 1346 737 1397 ut
754 1340 894 1413 locupletes
912 1360 991 1399 suurn
1008 1361 1019 1413 p

270 1419 341 1485 dant,
353 1419 479 1475 debitores
495 1419 627 1476 lucrentur
643 1417 761 1475 alienum
797 1419 856 1475 Nec
871 1419 940 1474 enim
956 1418 1010 1475 nlla

270 1496 444 1551 vehementius
465 1496 645 1567 rempublicam
666 1495 788 1561 continet,
808 1511 885 1565 qnam
905 1494 987 1551 fides:
1009 1514 1019 1567 ς

271 1588 327 1626 esse
339 1570 408 1625 nulla
420 1575 512 1641 potest,
525 1572 575 1627 uisi
586 1573 636 1628 erit
647 1572 790 1628 necessaria
805 1569 900 1625 solutio
911 1590 999 1627 rerum
1012 1590 1019 1629 a

270 1645 390 1701 ditatum.
426 1647 573 1718 Numquam
586 1649 761 1705 vehementius
773 1652 858 1702 actum
871 1654 921 1714 est,
936 1667 1012 1719 quum

271 1723 381 1788 consule,
391 1741 424 1778 ue
435 1724 584 1781 solveretur.
619 1727 704 1781 Armis
717 1730 744 1780 ct
756 1724 846 1780 castris
858 1729 960 1780 tentata
972 1743 1014 1781 res

271 1800 303 1856 ab
314 1801 384 1856 omni
395 1819 488 1872 genere
502 1802 632 1858 hominum
645 1808 672 1858 et
684 1803 789 1858 ordine:
807 1801 902 1874 quibus
918 1802 957 1857 ita
972 1806 1019 1857 real

270 1882 301 1932 ut
313 1877 361 1933 hoc
377 1882 478 1933 tantum
495 1878 588 1934 malum
607 1879 639 1935 de
657 1879 787 1950 republica
803 1877 946 1933 tolleretur.
983 1877 1019 1933 m

271 1972 346 2026 quam
358 1973 406 2010 nec
415 1958 497 2025 majus
508 1973 543 2011 aes
555 1957 663 2012 alienum
676 1956 734 2022 fuit,
744 1972 791 2010 neo
803 1954 894 2009 melius
906 1972 955 2010 nco
967 1955 1019 2011 laci

271 2031 424 2087 dissolutum
442 2038 489 2088 est.
524 2032 670 2088 Fraudaudi
684 2033 751 2088 enim
768 2050 813 2102 spe
827 2030 938 2097 sublata,
951 2032 1019 2087 solve

271 2110 409 2164 necessitas
421 2113 558 2164 consecuta
569 2113 617 2165 est.
654 2111 690 2164 m
703 2126 762 2164 vero
774 2108 816 2164 hic
827 2126 897 2163 nunc
909 2109 1019 2174 vietor,t

272 2184 373 2254 quidem
392 2186 483 2251 victus,
502 2204 558 2256 quae
578 2186 711 2257 cogitarat,
730 2203 761 2240 ea
778 2184 892 2256 perfecit,
911 2203 993 2255 quum
1010 2204 1019 2240 e

269 2263 322 2331 jam
335 2261 398 2315 nihil
410 2262 553 2317 interesset.
589 2264 672 2316 Tanta
688 2262 715 2317 in
733 2280 764 2316 eo
780 2260 902 2332 peccandi
917 2261 1019 2317 libidol

272 2334 302 2390 ut
320 2336 369 2391 hoc
387 2337 469 2406 ipsum
488 2357 546 2393 eum
565 2337 710 2405 delectaret,
722 2356 836 2408 peccare,
853 2338 932 2392 etiam
950 2339 975 2393 si
992 2356 1019 2394 ca

233 2429 323 2474 senon
341 2419 417 2468 esset.
453 2414 494 2469 Ab
512 2415 561 2469 boc
581 2415 661 2486 igitur
679 2433 772 2485 genere
789 2414 943 2486 largitionis,
962 2420 994 2471 ut
1011 2434 1019 2471 ι

273 2489 355 2555 detur,
373 2490 427 2545 aliis
444 2491 581 2557 auferatur,
593 2491 701 2546 aberunt
718 2491 743 2553 ii,
757 2491 801 2561 qui
816 2491 1019 2560 rempublioaml

273 2566 383 2622 buntur:
403 2568 578 2638 inprimisque
591 2585 691 2638 operam
706 2567 811 2632 dabunt,
824 2571 855 2622 ut
869 2568 939 2638 juris
958 2575 985 2623 et
998 2572 1019 2640 ji

273 2644 369 2699 ciorum
386 2645 506 2714 acquitate
521 2661 596 2697 suum
608 2644 716 2715 quisque
727 2648 822 2711 teneat,
833 2647 861 2699 et
873 2662 957 2715 neque
969 2650 1019 2700 tem

273 2741 315 2777 res
335 2729 438 2792 propter
456 2720 624 2776 humilitatem
642 2722 879 2787 circumveniantur,
897 2740 983 2793 neque
1000 2723 1019 2778 lt

274 2801 384 2872 pletibus
392 2800 424 2855 ad
431 2818 478 2854 sua
487 2798 527 2853 vel
535 2798 646 2854 tenenda
655 2800 694 2854 vel
703 2799 874 2870 recuperanda
882 2800 951 2855 obsit
961 2801 1019 2856 invia

271 2886 404 2949 praterea,
418 2876 619 2949 quibuscumque
635 2876 712 2932 rebus
724 2876 764 2932 vel
782 2875 842 2932 belli
854 2876 895 2933 uel
910 2877 982 2935 domi
996 2897 1019 2953 p
