2575 3367
265 309 298 359 42
590 308 728 361 LAELIUS

265 417 327 472 time
338 419 386 481 est,
400 435 498 471 mecum
514 416 707 484 incommodius,
718 436 794 489 quem
808 418 893 473 fuerat
908 418 1014 490 aequius,

264 494 419 558 introieram,
432 494 470 548 sic
482 495 551 563 priua
563 497 633 550 exire
646 495 678 550 de
691 497 751 552 vita
781 495 831 550 Sed
843 501 932 550 tamen
943 515 1014 552 recor

264 571 335 625 tione
346 576 440 625 nostrae
452 571 569 624 amicitiae
582 572 619 626 sic
637 572 716 637 fruor,
730 576 759 626 ut
771 571 845 626 beate
857 571 952 627 vixisse
964 572 1014 627 rid

265 647 325 718 quia
336 666 393 703 oum
407 647 523 717 Scipione
536 647 649 712 vixerim,
659 667 768 719 quocum
779 648 842 702 mihi
849 648 1013 719 conjunctae

266 724 298 780 de
314 743 342 779 re
357 724 457 794 publice
472 728 499 777 et
515 723 547 778 de
564 725 664 793 privata
678 726 735 790 fuit,
755 743 865 795 quocum
881 731 908 779 et
923 725 1014 779 domna

265 801 357 856 militia
371 801 511 855 communis
527 806 554 855 et
572 800 606 868 id,
618 802 645 856 in
661 821 712 873 quo
730 807 770 856 eat
786 802 869 856 omnia
879 801 919 856 ria
931 802 1014 856 amicit

264 877 433 941 voluntatum,
447 877 598 942 studiorum,
611 880 795 933 sententiarum
808 897 907 932 summa
918 896 1013 933 consen

265 954 358 1024 Itaque
369 971 421 1008 non
433 957 486 1007 tarn
498 954 549 1008 iata
562 973 603 1009 me
620 955 759 1025 capientia,
771 973 847 1026 quam
859 954 936 1009 modo
946 955 1014 1008 Fanr

265 1031 478 1094 commemoravit,
500 1030 568 1085 mma
589 1030 706 1097 delectat,
726 1031 791 1086 falsa
813 1031 963 1102 praesertim,
985 1049 1014 1100 qn

266 1105 334 1176 quod
354 1106 472 1160 amicitiae
491 1111 586 1162 nostrae
610 1108 756 1163 memoriam
781 1126 856 1178 spero
880 1109 1014 1178 sempiten

265 1186 335 1238 fore:
355 1182 432 1253 idque
447 1183 510 1237 mihi
525 1201 555 1237 eo
572 1185 654 1254 magis
671 1190 712 1240 eat
724 1184 801 1249 cordi,
815 1183 882 1254 quod
899 1202 934 1238 ex
944 1184 1013 1238 omni

267 1259 366 1316 seculis
385 1260 427 1314 vix
443 1259 494 1315 tria
511 1265 556 1314 aut
574 1266 684 1330 quatuor
702 1262 865 1315 nominantur
882 1261 954 1330 paria
971 1278 1014 1314 aar:

266 1357 338 1392 rum:
358 1355 408 1407 quo
427 1337 454 1390 in
470 1355 563 1405 genere
581 1354 683 1405 sperare
700 1338 795 1403 videor,
813 1337 941 1404 Scipionis
953 1339 1014 1392 etIr

267 1413 403 1468 amicitiam
415 1417 500 1467 notam
514 1414 657 1482 posteritati
670 1414 732 1469 fore.

227 1495 257 1542 16
267 1482 284 1512 ⁶
302 1491 389 1542 uara.
416 1488 491 1542 Istud
514 1489 623 1558 quidem,
645 1490 716 1555 Iraeii,
735 1491 772 1544 ita
794 1507 899 1544 necesse
917 1493 965 1544 eet.
1003 1489 1014 1543 Ε

267 1565 385 1636 qnoniam
406 1564 523 1618 amicitioe
544 1567 697 1620 mentionem
716 1567 798 1621 fecisti
819 1571 845 1620 et
866 1585 956 1621 sumus
977 1566 1014 1620 oti

266 1644 416 1712 pergratum
428 1640 491 1694 mihi
502 1640 599 1705 feceris,
615 1645 701 1712 (spero
713 1643 775 1697 item
788 1642 918 1710 Scaevolae)
932 1643 962 1708 si,
975 1661 1014 1713 qu

266 1717 402 1773 admodum
426 1717 493 1772 colea
517 1717 549 1771 de
572 1720 665 1774 ceteris
689 1719 774 1783 rebus,
796 1738 875 1790 quum
893 1737 928 1772 ex
949 1723 978 1773 te
996 1737 1012 1788 q

267 1800 367 1860 rnntur,
380 1794 417 1849 uic
433 1794 465 1849 de
483 1794 593 1849 amicitia
605 1793 751 1864 disputaris,
765 1796 827 1868 quid
843 1795 947 1860 sentias,
964 1813 1014 1867 qna

267 1872 407 1939 existimer,
419 1888 476 1940 que
488 1876 615 1941 praecepta
627 1871 680 1925 des.

304 1948 390 2002 Socer.
414 1947 480 2000 Mihi
498 1965 557 2002 vero
577 1952 723 2017 pergratum
741 1947 805 2002 erit:
830 1951 916 2015 atque,
934 1945 963 2000 id
979 1947 1014 2016 ipr

268 2043 347 2095 quum
358 2028 443 2078 tecum
456 2041 531 2093 agere
543 2041 655 2088 conarer,
669 2023 782 2077 Femina
802 2023 957 2077 antevertit:
977 2040 1012 2093 qu

268 2101 354 2155 obrem
368 2099 470 2170 utrique
482 2099 598 2153 nostrum
611 2104 712 2170 gratum
725 2098 860 2153 admodum
873 2098 974 2152 feceris.

230 2178 259 2227 1⁷
303 2175 336 2230 V.
355 2176 429 2230 nna
448 2175 506 2245 Ego
524 2194 583 2230 vero
599 2194 652 2229 non
669 2193 795 2246 gravarer,
808 2175 831 2229 ai
848 2174 910 2228 mihi
922 2175 978 2244 ipse
990 2191 1014 2229 o(

268 2250 371 2304 derem:
390 2269 448 2304 nam
470 2255 496 2305 et
516 2252 636 2320 praeclara
656 2270 698 2306 res
717 2263 763 2316 eat,
785 2255 812 2305 et
831 2268 930 2313 sumus,
948 2255 980 2304 ut
1001 2250 1014 2304 d

267 2326 387 2389 Fannius,
403 2327 486 2380 otiosi
523 2327 573 2380 Sed
591 2328 648 2396 quis
667 2345 715 2396 ego
737 2329 814 2382 eum?
839 2330 884 2380 aut
903 2344 961 2397 quae
979 2327 1006 2380 in

269 2405 309 2455 est
329 2401 458 2456 facultas?
495 2401 637 2456 Doctorum
661 2408 701 2457 est
725 2403 775 2457 ista
798 2402 958 2456 consuetudo
983 2421 1013 2456 ee

270 2479 424 2542 Graecorum,
443 2482 473 2531 ut
492 2478 523 2532 iis
541 2486 658 2548 ponatur,
678 2479 710 2533 de
727 2497 778 2548 quo
796 2478 929 2549 disputent
947 2497 1014 2549 quan

270 2555 364 2610 subito.
400 2555 524 2625 Magnum
543 2573 607 2625 opus
626 2559 666 2608 est
684 2560 794 2625 egetque
812 2555 999 2610 exercitatione

270 2650 355 2701 parva.
386 2630 565 2697 Quamobrem,
578 2649 634 2701 quae
647 2630 770 2700 disputari
783 2630 814 2684 de
827 2631 938 2684 amicitia
950 2649 1014 2701 posu

270 2708 302 2762 ab
315 2708 358 2772 eis,
369 2725 468 2769 censeo,
478 2708 578 2777 petatis,
589 2708 633 2776 qui
645 2707 696 2760 ista
708 2708 875 2775 profitentur:
895 2725 944 2777 ego
953 2707 1014 2761 voe]

270 2785 321 2838 tari
339 2790 439 2838 tantum
457 2802 567 2853 possum,
585 2788 616 2836 ut
634 2783 769 2837 amicitiam
787 2782 905 2837 omuibus
923 2783 1001 2838 rebus

265 2861 351 2915 manis
367 2860 544 2931 anteponatis:
563 2857 626 2913 nihil
641 2864 681 2913 est
698 2861 765 2914 enim
783 2864 837 2914 tam
853 2864 953 2916 naturae
971 2865 1013 2931 apt
