2575 3367
325 323 394 372 ΗΒ.
413 324 435 373 l.
453 324 527 373 CAP.
547 327 586 383 34,
598 327 637 374 35.
846 328 878 377 w

195 450 234 491 eto
250 437 279 490 et
296 434 375 490 decue
392 435 526 501 auatinere,
546 453 649 491 servare
666 433 743 506 leger,
760 433 820 505 jora
836 434 880 491 de·

195 529 244 576 ,ea
260 511 321 566 fldei
338 529 391 567 auoe
408 512 541 567 comminuo
560 511 712 567 meminisse.
747 511 879 566 Privatum

195 591 287 659 »portat
305 605 377 659 oequo
394 591 421 643 et
439 589 493 659 pari
511 607 569 643 cum
588 588 687 643 civibus
704 591 765 658 jure
785 587 879 653 vivere,

195 664 342 720 iubmiaaum
362 668 389 720 et
410 664 546 734 abjectum,
565 683 649 735 neque
666 682 694 719 ae
715 666 878 730 efferentem

206 741 335 812 republica
354 759 385 797 ea
402 741 475 803 velle,
493 759 550 812 quae
571 741 708 811 tranquilla
728 744 755 796 et
772 740 881 796 honesta

195 817 253 875 ilem
270 819 337 873 enim
356 818 466 873 solemus
484 822 511 873 et
528 818 625 873 sentire
643 818 738 873 bonum
754 817 834 873 civem
852 822 879 872 et

208 894 341 966 Peregrini
352 900 438 950 autem
450 899 527 966 atque
539 894 629 951 incole
641 894 752 950 officium
763 898 804 949 eat
815 893 878 949 nihil
887 904 933 953 12⁶

195 989 267 1029 ιιιιιιιι
287 972 419 1042 negotium
436 989 521 1043 agere,
538 971 602 1027 nihil
619 970 651 1027 de
669 970 718 1026 alio
735 971 877 1042 anquirere,

195 1048 271 1120 quein
285 1047 367 1104 aliona
377 1065 434 1103 eece
453 1048 582 1119 republica
597 1047 734 1104 curiorum.
770 1048 814 1102 Ita
824 1047 879 1103 iero

196 1125 339 1195 ponentur,
351 1143 429 1195 quum
442 1131 578 1196 queretur,
589 1124 651 1196 quid
661 1123 757 1188 deceat,
771 1128 798 1178 et
816 1123 879 1195 quid

196 1201 226 1257 ait
246 1201 369 1272 personia,
391 1201 558 1272 temporibus,
578 1200 706 1258 atatibua.
742 1199 816 1254 Nihil
836 1203 878 1255 eut

196 1275 257 1349 quod
267 1281 321 1332 tam
333 1276 429 1342 deceat,
443 1295 520 1349 quam
532 1277 559 1332 in
573 1276 642 1332 omni
655 1293 684 1332 ra
695 1274 807 1346 quenda
817 1293 878 1330 con·
929 1316 933 1328 ,

197 1352 319 1424 capiendo
331 1371 432 1408 comare
446 1353 624 1409 constantiam.

196 1430 226 1486 V.
244 1429 421 1501 Sedquonium
431 1429 548 1486 decorum
559 1427 784 1485 illudinomnibuc
793 1427 875 1491 lactis,
885 1432 934 1484 lto

196 1524 204 1562 ι
215 1507 327 1576 corporis
339 1506 448 1578 denique
460 1511 533 1563 motu
544 1510 571 1561 et
583 1509 655 1561 statu
666 1505 787 1570 cernitur,
800 1503 877 1576 idque

207 1587 247 1638 eat
258 1582 286 1637 iu
301 1583 384 1639 tribus
398 1583 483 1649 rebus,
496 1582 663 1648 formositate,
675 1581 772 1650 ordine,
784 1586 877 1638 ornatu

196 1675 254 1714 nem
272 1661 341 1729 apto,
354 1659 496 1715 difficilibus
513 1658 545 1714 ad
561 1658 737 1731 eloquendum,
756 1657 801 1714 ced
813 1659 876 1713 actia

196 1733 263 1805 lligi3
284 1735 362 1792 inhia
374 1740 460 1791 autem
472 1735 555 1791 tribua
568 1736 715 1791 continetur
726 1753 788 1790 curu
799 1734 875 1789 etiam

196 1810 319 1867 nobemur
327 1812 366 1878 iia,
378 1811 528 1884 quibuscum
541 1813 609 1883 apud
621 1829 736 1883 quosque
746 1812 875 1866 vivamus:

196 1906 229 1944 ue
240 1888 272 1944 de
284 1888 360 1944 rebus
372 1907 453 1960 pauca
465 1888 589 1945 dicautur.
622 1888 751 1957 Principio
763 1887 876 1957 corporis

196 1982 290 2036 mam
301 1968 395 2022 natura
405 1965 461 2035 ipaa
478 1965 580 2021 videtur
598 1964 717 2020 habuisse
732 1964 875 2018 rationem:

196 2059 253 2096 uam
265 2045 378 2097 noctram
389 2041 562 2113 reliquamque
578 2041 693 2112 figuram,
706 2040 733 2094 in
744 2057 796 2110 qua
807 2042 876 2094 esset

196 2116 308 2184 bonaeta,
327 2136 381 2173 eam
399 2119 485 2189 poenit
504 2119 532 2173 in
550 2120 687 2189 promptu3
715 2134 771 2187 que
789 2119 875 2186 partes

196 2194 296 2265 ›rporic
310 2193 342 2248 ad
352 2197 452 2250 nutura
463 2195 641 2250 necessitatem
655 2193 731 2259 date,
744 2196 875 2280 aspectum

198 2270 318 2326 eiormem
336 2270 463 2326 habitura
480 2275 557 2342 atque
574 2274 685 2341 turpem,
698 2287 742 2325 eaa
760 2268 874 2324 contexit

196 2345 271 2402 didit.
308 2348 384 2403 Hanc
399 2351 499 2403 naturae
516 2351 569 2402 tam
587 2346 694 2418 diligent
695 2364 735 2401 em
753 2345 872 2401 fabricam
883 2354 930 2406 127

199 2425 240 2478 eat
259 2423 391 2478 hominum
412 2425 566 2479 uerecundia.
611 2425 675 2488 Qua
694 2424 761 2478 enim
782 2427 875 2476 natura

196 2497 222 2564 it,
232 2498 320 2553 eadem
332 2517 427 2564 omnes,
438 2501 482 2570 qui
494 2517 556 2554 aena
567 2503 653 2554 mente
665 2503 733 2563 aunt,
742 2501 875 2552 removent

196 2593 225 2641 e;
252 2574 352 2645 ipeiqne
370 2577 519 2631 necessitati
538 2575 600 2631 dant
620 2593 723 2647 operam
744 2578 774 2627 ut
795 2590 872 2642 quam

197 2650 246 2705 ime
255 2655 375 2721 pareant:
395 2670 551 2723 quarumque
563 2653 674 2723 partium
686 2648 798 2720 corporis
810 2666 874 2704 unua

197 2727 291 2790 ascarii,
302 2745 345 2782 eae
357 2746 440 2799 neque
452 2732 544 2798 partes,
555 2746 637 2795 neque
647 2744 733 2781 earum
745 2742 808 2778 usuc
819 2724 873 2780 auia

199 2822 221 2856 ιι
243 2803 386 2873 appellunt3
414 2804 531 2875 quodque
552 2804 635 2859 facere
655 2806 731 2872 turpe
752 2817 804 2855 non
824 2805 873 2873 eat,

197 2879 270 2946 culte,
284 2879 312 2934 id
323 2879 406 2936 dicere
418 2879 556 2936 obscenum
568 2884 617 2936 est
642 2880 736 2950 ltaque
747 2893 795 2932 noo
806 2877 873 2934 actio
