2575 3367
408 323 456 370 DE
478 321 653 370 AMICITIA.
684 321 758 370 CAP.
772 322 794 378 6,
807 321 831 370 7.
984 322 1016 368 45

214 434 347 499 ualetudo,
368 438 397 488 ut
415 434 500 488 dolore
518 451 603 488 careas
621 435 649 487 et
666 431 813 486 muneribus
831 431 938 501 fungare
959 447 1017 485 cor·

222 514 298 582 poris.
334 511 453 565 Amicitia
469 528 509 564 res
526 510 645 579 plurimas
658 509 790 563 continet:
809 525 910 577 quoquo
923 511 949 561 te
961 525 1017 560 ver·

221 588 293 653 teris,
305 592 399 657 presto
416 595 471 640 est:
490 586 560 639 nullo
576 586 631 640 loeo
648 584 808 640 excluditur:
826 601 963 653 numquam
978 583 1017 637 iu-

221 664 381 734 tempestiva,
401 680 537 733 numquam
555 661 664 716 molesta
680 665 728 716 est.
764 662 856 730 Itaque
873 677 925 712 non
942 676 1015 729 aqua,

213 759 274 796 -non
286 741 340 810 igni
352 747 382 793 ut
395 739 473 806 aiunt,
486 737 600 808 pluribus
613 737 675 792 locis
687 737 791 801 utimur,
805 755 880 807 quam
897 735 1016 791 amicitia.

221 817 315 886 Neque
327 834 375 886 ego
387 834 455 870 nunc
467 814 498 870 de
510 814 610 884 vulgari
622 819 667 868 aut
679 814 711 868 de
722 813 850 878 mediocri,
862 831 919 886 quae
930 817 1016 867 tamen

221 894 278 963 ipsa
286 898 312 947 et
322 893 431 947 delectat
440 898 467 946 et
476 891 587 962 prodest,
598 890 643 944 sed
653 890 684 944 de
691 909 752 945 vera
758 894 785 944 et
797 891 910 960 perfecte
918 889 1016 960 loquor,

222 969 303 1040 qualis
320 987 415 1032 eorum,
429 968 473 1038 qui
488 967 562 1037 pauci
577 967 748 1032 nominantur,
759 966 817 1020 fnit.
853 966 921 1020 Nam
935 970 962 1020 et
976 983 1016 1020 se·

222 1045 318 1100 cundas
329 1063 370 1100 res
383 1042 564 1114 splendidiores
579 1043 640 1097 facit
656 1042 774 1107 amicitia,
787 1045 814 1097 et
829 1042 947 1097 adversas
958 1060 1016 1113 par-

221 1122 290 1177 tiens
302 1121 540 1190 communicansque
552 1119 667 1174 leviores.

257 1197 322 1251 Vll.
340 1197 478 1266 Quumque
498 1195 618 1265 plurimas
637 1200 665 1249 et
682 1194 804 1248 maximas
822 1193 1014 1249 commoditates
1025 1193 1056 1239 ²8

222 1274 333 1328 amicitia
350 1273 487 1336 contineat,
504 1277 560 1326 tum
575 1271 619 1325 illa
634 1271 752 1324 nimirum
767 1275 872 1341 prostat
889 1271 1014 1335 omnibus,

222 1350 290 1420 quod
302 1349 393 1404 bonam
411 1367 481 1418 spem
497 1348 617 1419 proelucet
633 1348 662 1402 in
676 1351 813 1417 posterum,
830 1365 877 1401 nec
889 1347 1015 1402 debilitari

222 1428 319 1481 animos
337 1431 383 1479 aut
400 1425 489 1480 cadere
507 1425 613 1495 patitur.
649 1424 745 1477 Verum
762 1424 829 1477 enim
847 1424 954 1482 amicum
971 1424 1015 1494 qui

222 1502 346 1570 intuetur,
356 1507 484 1570 tamquam
496 1500 624 1570 exemplar
635 1498 737 1570 aliquod
748 1499 863 1553 intuetur
875 1500 921 1555 sui.
946 1501 1015 1566 Quo·

222 1580 289 1634 circa
305 1585 331 1632 et
348 1578 464 1632 absentes
482 1577 575 1632 adsunt
593 1581 620 1631 ct
637 1581 742 1647 egentes
759 1576 951 1631 abundant—et
968 1578 1015 1631 im·

221 1654 307 1709 becilli
315 1654 408 1720 valent,
418 1659 451 1719 et,
461 1653 528 1724 quod
537 1653 661 1707 difficilius
671 1653 742 1707 dictu
750 1657 798 1717 est,
808 1653 901 1706 mortui
907 1653 1013 1709 vivunt:

221 1735 310 1784 tantus
323 1748 366 1784 eos
378 1730 466 1795 honos,
476 1729 603 1793 memoria,
616 1728 768 1782 desiderium
781 1730 942 1798 prosequitur
954 1730 1014 1784 ami·
1028 1734 1032 1746 “

221 1826 318 1862 corum.
345 1807 384 1860 Er
397 1825 447 1876 quo
459 1807 560 1860 illorum
572 1805 647 1859 beata
658 1823 725 1858 mors
737 1805 846 1869 videtur,
859 1805 949 1860 horum
961 1807 1015 1861 vita

221 1883 362 1938 laudabilis.
399 1883 476 1940 Quod
495 1882 517 1936 si
529 1881 652 1936 exemeris
664 1898 696 1935 ex
708 1886 800 1934 natura
811 1900 895 1935 rernm
908 1881 1014 1936 benevo-

221 1959 307 2014 lentiae
326 1959 537 2028 conjunctionem,
556 1976 604 2012 nec
625 1957 715 2012 domus
734 1957 785 2011 nlla
802 1976 849 2012 nec
866 1959 927 2013 urbs
945 1964 1013 2014 stare

222 2035 317 2107 poterit
328 2055 335 2099 ;
352 2053 384 2089 ne
397 2035 451 2105 agri
464 2033 562 2104 quidem
573 2034 658 2088 cultus
670 2034 834 2104 permanebit.
853 2034 884 2087 Id
896 2034 1013 2090 siminus

221 2112 381 2182 intelligitur,
401 2111 553 2182 quantavis
573 2110 690 2166 amicitiae
709 2110 898 2181 concordiaque
919 2112 961 2177 sit,
982 2131 1014 2174 er

222 2187 420 2243 dissensionibus
445 2195 521 2258 atque
545 2187 676 2242 discordiis
695 2187 790 2258 percipi
815 2193 907 2257 potest.
952 2190 1014 2255 Quo

222 2266 289 2320 enim
302 2265 391 2318 domus
404 2274 455 2318 tam
468 2263 573 2328 stabilis,
581 2283 638 2334 quae
647 2269 700 2318 tam
712 2265 785 2318 firma
796 2265 885 2319 civitas
897 2269 943 2330 est,
957 2285 1014 2337 quae
1033 2302 1042 2311 „

208 2359 273 2395 non
293 2338 358 2394 odiis
378 2345 454 2411 atque
474 2340 582 2395 dissidiis
604 2341 720 2395 funditus
741 2342 822 2411 possit
838 2343 937 2398 everti?
972 2344 1014 2398 Ex

222 2436 280 2488 quo,
295 2421 415 2486 quantum
430 2417 489 2471 boni
501 2417 570 2471 sitin
579 2417 696 2482 amicitia,
706 2417 816 2487 judicari
828 2425 921 2490 potest.
939 2421 1014 2490 Agri·
1024 2430 1052 2476 24

222 2494 355 2565 gentinum
374 2494 474 2563 quidem
491 2493 594 2548 doctum
612 2494 743 2566 quemdam
763 2495 843 2550 virum
862 2496 1014 2551 carminibus

224 2570 319 2626 Graecis
329 2570 492 2624 vaticinatum
504 2570 597 2636 lerunt,
608 2589 664 2642 quae
676 2571 703 2624 in
714 2589 798 2625 rerum
808 2575 899 2624 natura
908 2575 1014 2642 totoque

208 2647 318 2702 rmundo
336 2650 488 2711 constarent,
508 2665 613 2717 quaque
631 2651 800 2710 moverentur,
818 2665 848 2701 ea
865 2648 1014 2704 contrahere

223 2724 367 2788 amicitiam,
392 2724 513 2793 dissipare
535 2723 691 2778 discordiam.
728 2725 813 2793 Atque
841 2724 889 2777 hoc
913 2724 1014 2794 quidem

223 2819 311 2856 omnes
324 2800 441 2854 mortales
454 2808 480 2854 et
492 2799 636 2870 intellguut
650 2805 677 2854 et
689 2818 716 2853 re
729 2800 845 2870 probant.
880 2800 1016 2870 ltaque‚si

224 2878 324 2949 quando
342 2877 442 2948 aliquod
459 2877 566 2931 officium
586 2877 686 2931 exstitit
704 2878 777 2932 amici
795 2878 820 2932 in
836 2878 953 2947 periculis
970 2883 1015 2935 aut

208 2984 217 3013 ·,
224 2955 347 3010 adeundis
359 2960 403 3008 aut
416 2953 635 3018 corurnunicaudis,
650 2953 706 3024 quis
718 2960 767 3016 est,
779 2954 824 3026 qni
835 2954 863 3008 id
873 2973 929 3008 nou
936 2955 1016 3008 maii·
