2575 3367
495 321 564 372 ms.
582 321 619 372 11.
638 322 714 372 CAP.
730 324 754 372 8.
990 322 1020 376 71

227 433 333 500 interiit,
345 435 377 488 ιιι
385 433 415 501 is,
424 451 500 504 quem
512 433 587 490 modo
595 433 657 500 dixi,
668 431 811 488 Alexander
817 453 826 500 ;
843 449 895 487 non
904 449 919 487 a
928 431 1024 502 paucis

227 515 256 565 nt
273 510 317 565 hic
334 513 436 565 noster:
458 509 504 565 sed
522 509 550 565 iu
567 528 644 579 quem
662 509 780 564 universa
797 508 1022 579 Agrigentinorum

226 585 366 642 multitudo
389 587 512 656 impetum
534 587 603 642 fecit.
639 585 729 647 Quid?
762 583 917 640 Macedones
939 601 1023 639 noune

226 663 387 718 Demetrium
399 663 563 734 reliquerunt,
572 663 735 734 universique
746 680 775 716 ss
786 660 818 716 ad
827 661 953 733 Pyrrhum
965 678 1023 716 con·

226 739 364 794 tulerunt?
400 739 490 800 Quid?
526 738 731 795 lacedaemonios
753 739 849 807 injuste
868 737 1022 807 imperantes

226 833 312 870 nonne
328 819 434 886 repente
451 832 539 870 omncs
553 816 608 871 iere
625 816 688 871 socii
703 815 878 880 descmernnt,
896 817 1023 885 spectato·

226 910 320 962 resque
331 910 359 946 se
370 892 467 947 otiosos
478 891 643 962 prebuerunt
656 892 799 947 leuciaco
810 890 981 946 calamitatis?

262 968 345 1023 vm.
363 969 478 1024 Externa
494 967 615 1024 libentius
632 969 660 1024 in
675 968 721 1024 tuli
738 987 774 1034 re,
786 986 863 1040 quam
877 966 1023 1034 domestice,

226 1044 355 1100 recordor.
391 1045 574 1101 Verumtamen
589 1044 710 1116 quamdiu
725 1045 859 1116 imperium
870 1043 958 1114 populi
970 1043 1024 1098 Ro·

226 1120 297 1176 mani
315 1120 443 1177 beneflciis
463 1121 607 1188 tenebatur,
627 1140 679 1177 nou
699 1122 807 1192 injuriis,
825 1120 891 1178 bella
911 1124 957 1175 ant
977 1136 1023 1189 pro

226 1197 313 1266 sociis,
330 1203 376 1253 ant
393 1197 425 1253 dc
446 1198 552 1268 imperio
575 1198 746 1270 gerebantur3
773 1199 858 1254 exitus
875 1201 948 1252 erant
971 1196 1024 1252 bel·

227 1273 312 1329 lorum
331 1279 377 1331 aut
396 1275 472 1330 mites
490 1281 537 1330 snt
555 1275 699 1331 nscoesarii.
735 1275 844 1345 Regum,
864 1273 1023 1345 populorum,

226 1353 361 1407 nationum
372 1357 461 1422 portus
470 1355 526 1407 erat
534 1356 561 1408 et
570 1352 697 1423 refugium
706 1356 811 1406 senatus
821 1370 827 1406 :
845 1351 926 1405 nostri
938 1353 1024 1405 autem
1033 1358 1064 1410 2⁷

226 1428 395 1499 magistratus
415 1429 630 1501 imperatoresque
649 1447 682 1484 ex
701 1429 749 1484 hac
770 1447 822 1483 uns
841 1447 869 1483 re
890 1427 1024 1482 maximam

227 1504 332 1561 laudem
347 1522 437 1576 capere
450 1505 597 1575 studebant,
608 1506 631 1561 si
648 1506 800 1576 provincias,
811 1505 834 1561 si
849 1505 932 1560 socios
947 1505 1025 1576 oequi·

227 1585 286 1637 tate
298 1585 325 1637 ct
336 1581 386 1638 fide
397 1581 577 1638 defendissent
600 1583 694 1652 ltaque
705 1581 768 1637 illud
777 1581 944 1653 patrocinium
956 1581 1025 1636 orbis

227 1663 307 1714 terra
317 1658 411 1724 verius,
423 1675 499 1729 quam
511 1659 644 1729 imperium
656 1662 758 1729 poterat
769 1657 900 1716 nominari.
926 1657 1025 1712 Sensim

227 1734 297 1789 hanc
313 1735 524 1790 cousuetudinem
541 1739 568 1790 ct
586 1734 744 1806 disciplinam
762 1735 816 1805 jam
834 1739 910 1790 antea
929 1734 1025 1788 minue-

227 1809 336 1876 bamus;
363 1815 422 1882 post
441 1829 502 1866 vero
523 1811 600 1867 Sullae
617 1811 749 1867 victoriam
768 1811 870 1880 penitus
887 1810 1025 1865 amisimus.

227 1886 353 1942 Desitum
367 1892 408 1942 est
423 1887 491 1943 enim
505 1887 585 1944 videri
603 1888 743 1959 quidquam
758 1889 786 1942 in
803 1888 885 1944 socios
902 1886 1025 1957 iniquum,

228 1981 311 2034 quum
322 1963 465 2020 exstitisset
476 1964 503 2019 iu
515 1963 584 2020 cives
596 1967 670 2020 tanta
681 1963 827 2020 crudelitas.
862 1963 932 2033 Ergo
944 1963 971 2016 in
982 1962 1025 2017 illo

228 2043 321 2094 secuta
331 2045 372 2096 cst
382 2040 515 2114 honestam
528 2059 630 2096 causam
642 2059 695 2096 non
708 2040 819 2095 honeste·
828 2040 941 2096 victoria
976 2039 1025 2094 Est

228 2116 299 2171 enim
311 2134 388 2171 ausus
400 2116 491 2183 dicere,
504 2117 579 2172 hasta
589 2117 680 2188 posita,
695 2135 772 2188 quum
785 2116 852 2172 bons
862 2115 954 2172 inforo
965 2133 1026 2171 ven-

228 2191 304 2247 deret
321 2195 349 2248 et
362 2192 486 2249 bonorum
504 2193 615 2250 virorum
633 2197 661 2249 st
677 2193 841 2264 locupletium
859 2195 887 2249 st
903 2197 973 2248 certe
991 2193 1026 2248 ci·

227 2269 310 2333 mum,
325 2269 444 2340 mdccc
460 2288 486 2325 se
503 2287 579 2324 mmm
597 2269 711 2325 moden.
747 2271 857 2327 Secutus
874 2274 923 2336 est,
941 2271 1026 2342 quiin

228 2362 309 2400 cansa
326 2345 411 2415 impia,
430 2346 537 2402 victoris
556 2346 634 2401 etiam
657 2345 769 2414 ioediors,
793 2366 846 2404 non
868 2347 1025 2420 singulorum

228 2420 324 2477 civium
336 2421 403 2477 bona
414 2422 564 2492 publicaret,
576 2422 621 2478 scd
638 2422 770 2479 universas
787 2424 929 2495 provincias
943 2426 1026 2496 regic-

228 2515 327 2568 nssquc
344 2516 397 2553 uuo
414 2498 565 2554 calamitatis
581 2499 640 2571 jure
657 2500 889 2571 comprehenderet.
925 2501 1025 2571 Itaque,
1036 2510 1067 2556 28

228 2575 330 2632 vexatis
353 2593 384 2630 ac
407 2575 513 2646 perditis
537 2576 632 2631 exteris
655 2576 808 2642 nationibus,
830 2576 863 2631 ad
883 2577 1026 2646 exemplum

229 2651 318 2706 amissi
332 2650 432 2720 imperii
449 2652 546 2721 portari
562 2652 590 2706 in
605 2651 735 2724 triumpho
750 2652 892 2707 Massiliam
908 2652 1025 2717 vidimus,

229 2731 256 2783 st
268 2745 301 2782 ex
313 2745 345 2782 ea
355 2726 419 2782 urbe
431 2728 588 2799 triumphari,
601 2727 719 2801 sineque
734 2746 870 2799 numquam
883 2728 965 2782 nostri
981 2728 1028 2782 im·

229 2807 361 2876 penatores
380 2822 412 2858 ex
430 2804 601 2875 Transalpinis
618 2804 690 2860 bellis
708 2804 906 2874 triumpharunt.
942 2804 1028 2859 Multa

229 2885 355 2953 praeterea
369 2897 589 2938 commemorarem
606 2881 703 2938 nelarie
718 2882 746 2937 iu
761 2880 851 2947 socios,
869 2881 893 2937 ai
909 2881 958 2938 hoc
974 2898 1027 2938 nuo
