2575 3367
354 463 386 509 48
642 456 691 504 DE
709 453 866 504 orrlctls

353 586 440 624 rerum
451 566 553 623 illarum
563 568 652 638 sparta
663 566 805 637 petulantia
819 566 901 631 ranst,
913 582 966 621 nea
973 566 1101 622 matianis
1111 564 1130 621 ol

300 645 473 706 ltasoenitas.
509 644 567 700 Nee
584 661 647 699 vero
665 642 784 697 audiendi
804 645 865 697 sunt
885 641 983 714 Cynici,
1006 648 1055 698 aut
1073 644 1130 714 sirp

355 724 459 777 suerunt
480 720 560 776 Stoici
579 737 652 790 paene
670 719 768 790 Cynici,
786 719 830 790 qui
847 718 1040 789 reprehendunt
1057 724 1086 776 et
1100 720 1130 774 irr

355 797 426 864 dent,
440 797 507 869 quod
519 815 557 862 ea,
570 815 627 868 quaa
643 815 673 851 ra
683 795 770 866 turpia
784 814 837 850 non
855 795 914 860 sint,
928 792 1013 850 verbis
1030 797 1130 868 flagitio

355 874 494 930 ducamus:
512 873 556 928 illa
567 878 664 938 autem,
675 890 732 944 quaa
743 872 830 942 turpia
841 873 900 938 sint,
913 872 1063 928 nominibus
1076 890 1130 944 appr

356 953 438 1007 lamus
450 950 511 1005 suis.
546 949 718 1014 Latroainari„
734 948 858 1016 mndata
873 948 1018 1004 adulterare
1035 968 1066 1005 ra
1083 955 1130 1020 turp

310 1076 313 1082 .
356 1033 405 1095 est,
426 1026 471 1082 sed
492 1025 586 1082 dieitur
602 1044 655 1081 non
671 1026 797 1080 obseene:
824 1025 910 1080 liberis
928 1024 990 1080 dara
1007 1043 1130 1096 operam}

356 1104 493 1158 honestum
504 1106 553 1168 est,
564 1102 667 1158 nomine
678 1101 816 1157 obseennm
827 1120 834 1156 ι
855 1102 980 1173 pluraque
990 1101 1021 1156 in
1032 1119 1091 1157 eam
1102 1118 1130 1157 sn

357 1179 465 1234 tentiam
489 1180 521 1235 ab
545 1178 640 1235 eisdem
663 1183 754 1234 eontra
776 1177 953 1232 verecundiam
980 1176 1130 1248 disputantu

358 1257 416 1311 Nos
428 1258 515 1311 autern
525 1259 645 1310 naturam
656 1272 800 1324 sequamur,
812 1257 839 1308 et
851 1253 883 1309 ab
895 1253 971 1318 omui,
984 1254 1055 1325 quod
1068 1254 1130 1310 abhu

358 1336 399 1388 ret
423 1331 455 1386 ab
479 1331 612 1386 oculorum
634 1331 785 1401 auriumque
807 1330 996 1400 approbatione,
1019 1330 1130 1401 fngiamn

304 1410 458 1475 1298tatua
480 1408 603 1475 massana,
623 1407 712 1472 sessio,
733 1407 867 1471 aoaubitio,
889 1407 984 1471 vultus,
1008 1407 1087 1472 oculi,
1108 1424 1130 1461 m

360 1504 440 1540 nuum
459 1488 545 1540 motus
563 1490 668 1540 teneant
683 1483 747 1538 illud
764 1483 892 1538 denorum.
929 1482 1029 1547 Quibus
1041 1483 1072 1537 in
1083 1481 1130 1538 reb

361 1562 412 1617 duo
429 1563 537 1615 maxime
554 1565 615 1615 sunt
631 1559 769 1630 fugienda;
792 1579 826 1615 ne
843 1559 904 1631 qnid
921 1559 1130 1614 effeminatum«

361 1637 445 1702 molle,
459 1641 486 1691 et
497 1655 530 1691 ne
548 1636 609 1707 quid
628 1635 721 1690 durum
739 1641 784 1690 aut
801 1637 927 1691 rustiomn
944 1636 987 1690 sit.
1023 1636 1087 1691 Nee·
1100 1653 1130 1691 va

361 1712 527 1769 histrionibus
539 1711 732 1782 oratoribusque
747 1712 935 1768 coneedendnm
948 1715 996 1776 est,
1009 1716 1040 1766 ut
1057 1712 1090 1766 iis
1107 1711 1130 1766 la

362 1791 422 1858 apta
442 1788 501 1852 sint,
523 1787 597 1842 nobis
618 1786 749 1842 dissoluta
794 1789 955 1844 Seeninorurn
977 1786 1083 1859 quidem
1106 1806 1130 1842 m

362 1867 460 1919 tantam
477 1863 555 1919 habet
567 1867 654 1918 vetere
672 1863 805 1934 disciplina
821 1864 1006 1928 vererundiaua,
1019 1867 1051 1919 ut
1068 1865 1130 1919 insu

363 1958 422 1996 narn
439 1939 493 1996 sine
511 1940 669 2012 subligaculo
689 1940 795 2011 prodeat
813 1959 896 1996 namn
932 1941 1064 1995 Verentur
1081 1940 1130 1996 enit

362 2035 403 2083 na,
423 2017 446 2072 si
466 2035 517 2088 quo
537 2035 599 2073 easu
619 2017 740 2082 evenerit,
760 2021 790 2071 ut
808 2017 922 2088 eorporis
939 2019 1026 2088 partas
1044 2016 1130 2087 quaeda

363 2094 517 2166 aperiantur,
542 2095 697 2166 aspiciantur
720 2111 772 2149 non
793 2095 892 2150 deeora.
936 2095 1039 2150 Nostro
1059 2093 1130 2166 quid

364 2189 434 2227 more
449 2190 507 2228 eum
526 2172 676 2242 parentibus
693 2171 802 2241 puberes
819 2172 876 2238 filii,
886 2189 943 2227 aum
961 2170 1056 2225 soesris
1076 2189 1130 2242 gers

364 2266 416 2302 non
428 2248 552 2305 lavantur.
587 2247 733 2303 Retinenda
744 2250 785 2303 est
796 2247 877 2318 igitur
887 2248 965 2318 hujus
977 2247 1081 2317 generis
1093 2265 1130 2303 rar

365 2322 464 2390 cundia,
476 2325 617 2394 prasertim
629 2330 722 2379 natura
733 2325 790 2395 ipsa
801 2325 925 2394 magistra
935 2328 962 2378 et
974 2322 1048 2378 duee.

311 2408 356 2454 1³0
400 2399 527 2454 XXXVI„
545 2400 636 2459 Quum
659 2405 745 2455 autem
769 2401 965 2472 pulchritudinis
989 2399 1040 2454 duo
1070 2418 1130 2471 gena

366 2474 425 2538 sint,
439 2492 546 2544 quornm
562 2475 589 2529 in
606 2476 690 2531 altero
704 2482 825 2533 venustas
840 2479 883 2543 sit,
896 2478 924 2532 in
940 2477 1020 2532 altero
1035 2475 1130 2547 dignita

365 2555 526 2604 venustatem
544 2551 693 2607 muliebrem
710 2552 803 2609 dueere
820 2554 949 2621 debemus,
961 2552 1114 2623 dignitatem

365 2626 447 2681 rilem.
483 2627 553 2698 Ergo
573 2633 600 2683 et
621 2647 637 2682 a
657 2629 739 2684 torma
758 2635 919 2686 removeatur
940 2630 1022 2684 omnis
1040 2630 1097 2685 viro
1114 2647 1130 2683 ιι

366 2704 459 2775 dignm
481 2710 602 2769 ornatam
630 2709 658 2761 et
675 2706 737 2762 huin
752 2707 834 2762 simile
852 2708 943 2763 vitium
960 2707 988 2761 in
1000 2711 1074 2777 partu
1091 2725 1130 2760 san

367 2800 414 2851 qua
433 2785 563 2837 careatur.
610 2782 680 2836 Nam
703 2791 731 2837 et
754 2783 890 2853 palastriai
910 2787 997 2837 motus
1016 2799 1085 2853 soepe
1105 2800 1130 2837 su

367 2856 514 2924 odiosioras,
534 2861 562 2913 et
579 2858 736 2913 histrionum
754 2860 871 2914 nonnulli
886 2864 976 2929 gestus
992 2858 1098 2928 ineptiis
1115 2876 1130 2913 n

367 2937 474 2999 vaaant;
507 2941 534 2990 et
560 2934 588 2989 in
612 2938 723 3005 utroque
750 2953 851 3006 gauere,
877 2953 935 3004 qua
958 2939 1020 2990 sunt
1044 2939 1117 2988 recta

368 3007 499 3078 simplicia,
522 3010 667 3066 laudantur.
706 3009 805 3066 Formae
825 3015 912 3066 autem
933 3010 1053 3082 dignitas,
1074 3009 1130 3065 nole

173 468 185 481 ¹·

170 512 176 525 ⁴

173 530 176 537 ι
