2575 3367
257 449 287 495 ta
541 445 588 492 DE
607 444 675 491 01²5
678 442 762 491 tells

256 575 288 610 no
305 557 384 626 major
401 555 544 626 benignitas
560 555 603 620 sit,
616 572 692 627 quam
707 553 859 608 facultates:
881 556 948 620 tum,
960 558 991 609 nt
1008 570 1054 625 pro·

257 633 382 703 dignitate
394 633 485 703 cuique
497 631 632 686 tribuatur.
665 630 698 684 Id
709 630 775 685 enim
787 634 828 683 est
836 630 951 699 justitia
962 630 1048 686 lunda·

258 715 381 776 utentum,
393 709 423 762 ad
438 727 511 780 quarn
524 708 579 762 huo
590 706 726 762 referenda
736 710 798 760 sunt
813 706 908 762 omnia.
943 706 1012 763 Nam
1024 712 1051 761 et

258 785 301 854 quii
320 786 496 856 gratificantur
512 785 628 854 cuipiam,
643 783 711 853 quod
727 781 794 837 obsit
813 782 858 845 illi,
874 782 918 838 eui
933 784 1055 853 prodeest¹

258 860 322 915 velle
340 862 481 927 videantur,
497 878 549 914 non
569 858 675 914 benetia
692 877 775 929 neque
791 857 916 923 liberales,
935 860 982 914 red
1000 878 1050 930 per·

258 938 347 991 niciosi
359 940 530 991 assentatores
538 935 668 1005 judicandi
680 939 764 988 suntt.
775 943 802 989 et
818 935 863 1005 qui
879 935 936 990 aliis
953 940 1056 1001 nonant,-

259 1017 289 1066 ut
302 1015 328 1066 in
340 1012 401 1065 ulios
413 1011 528 1066 liberales
541 1011 600 1076 sint,
613 1012 640 1065 in
655 1010 741 1065 eadem
758 1016 819 1064 sunt
836 1011 972 1080 injustitia,
986 1017 1017 1066 nt
1030 1008 1057 1065 ti-

219 1094 246 1138 ta
259 1088 369 1142 insuam
385 1106 440 1142 rem
456 1088 536 1141 aliena
552 1094 710 1142 convertant.
746 1087 812 1140 Sunt
829 1093 916 1141 autem
932 1088 1016 1155 multi,
1027 1091 1055 1142 et

260 1163 360 1233 quidem
379 1163 464 1233 cupidi
483 1162 623 1233 splendoris
640 1168 668 1218 et
685 1163 779 1233 gloriae,
796 1162 841 1232 qui
859 1163 972 1234 eripiunt
991 1164 1058 1226 aliis,¹

260 1239 328 1310 quod
340 1240 395 1294 aliis
407 1239 548 1309 largiantur
555 1261 562 1304 ;
581 1239 660 1309 hique
671 1239 828 1294 arbitrantur
840 1257 868 1294 se
884 1238 1014 1296 beneficos
1029 1240 1053 1295 in

262 1332 322 1369 suos
340 1317 433 1371 amioos
454 1316 536 1370 visum
554 1316 593 1379 iri,
612 1316 635 1369 si
655 1314 811 1386 locupletent
831 1333 876 1370 eos
896 1333 1055 1387 quacumque

261 1393 368 1448 ratione.
404 1392 435 1447 Id
449 1397 533 1447 autem
547 1396 648 1446 tantmn
665 1391 737 1447 abest
749 1391 838 1456 officio,
851 1398 881 1446 ut
896 1392 961 1446 nihil
975 1393 1062 1463 magis·

264 1469 345 1524 officio
357 1470 438 1540 possit
451 1487 506 1524 esse
518 1469 681 1523 eontrarium.
716 1467 860 1523 Videndum
872 1472 912 1522 ast
924 1469 1014 1538 igitur,
1027 1472 1059 1522 ut

262 1563 292 1598 ea
303 1546 455 1600 liberalitate
464 1551 574 1608 utamur,
584 1562 641 1614 quaa
655 1544 735 1612 prosit
747 1544 841 1608 aminis,
850 1550 941 1599 noceat
953 1545 1056 1599 nemini.

263 1620 350 1678 Quare
362 1622 392 1675 L.
405 1621 481 1674 Sullae
499 1626 525 1674 et
541 1619 689 1673 C.Caesaris
707 1621 869 1690 pecuniarum
888 1620 1023 1675 translatio
1040 1638 1062 1675 a:

259 1695 339 1764 justis
359 1696 467 1750 dominis
487 1695 519 1749 ed
540 1694 634 1749 alienos
658 1714 709 1750 non
729 1696 805 1751 debet
827 1695 939 1752 liberalia
960 1697 1054 1752 videri:

220 1775 251 1821 aa
262 1771 325 1825 nihil
337 1773 403 1826 enirn
415 1771 525 1837 liberale,
539 1771 606 1840 quod
619 1789 670 1825 non
682 1773 748 1827 idern
759 1774 867 1841 justum.
900 1773 974 1828 Alter
986 1772 1063 1828 loeus·

263 1853 318 1901 erat
336 1848 468 1914 cautionis,
483 1865 515 1901 ne
533 1847 677 1918 benignitas
695 1850 774 1920 nrajor
791 1854 867 1917 esset,
883 1867 959 1920 quarn
978 1849 1057 1904 laeui-

263 1929 345 1978 tates:
365 1924 440 1995 quod,
454 1924 498 1994 qui
509 1923 670 1996 benigniores
682 1925 771 1980 volunt
787 1944 851 1990 esse,
864 1944 941 1996 quam
958 1945 998 1980 res
1014 1945 1058 1997 pa·

264 2001 336 2066 titur,
356 2002 465 2072 primum
485 2001 512 2055 in
532 2019 562 2055 eo
584 2007 697 2072 peoeant,
716 2002 784 2073 quod
807 2002 924 2072 injuriosi
946 2008 1008 2057 sunt
1032 2003 1065 2056 in.

265 2079 399 2148 proximos.
437 2078 506 2143 Quas
518 2079 585 2132 enirn
598 2080 683 2149 eopias
699 2079 730 2134 iis
746 2082 773 2133 et
789 2077 946 2149 suppeditari
961 2080 1066 2149 aequius.

265 2158 305 2209 ast
317 2160 344 2210 et
356 2155 471 2227 relinqui,
484 2171 527 2209 eas
538 2155 697 2210 transferunt
709 2155 742 2210 ud
753 2156 855 2210 alienor.
886 2154 959 2206 Inest
971 2161 1065 2209 antem.

265 2232 292 2285 in
304 2233 350 2286 tali
361 2232 511 2287 liberalitate
523 2231 650 2302 cupiditas
662 2232 810 2302 plerumque
822 2226 934 2294 rapiendi
946 2232 973 2277 et
986 2232 1059 2283 ause-

266 2307 339 2361 rendi
354 2327 399 2378 per
411 2308 537 2378 injuriant,
549 2313 580 2363 ut
597 2307 629 2362 ad
644 2305 799 2376 mumdum
816 2302 955 2366 suppetant
968 2303 1056 2380 ⁰⁰t’loe:

267 2383 360 2437 Videre
372 2385 449 2438 etiarn
465 2384 524 2439 lieet
541 2384 681 2455 plerosque,
693 2397 745 2433 ΜΠ
755 2382 806 2430 itm
823 2380 916 2428 mlum
932 2374 1056 2442 liberales,

268 2478 343 2531 quarn
356 2460 462 2531 quadam
475 2460 556 2528 gloria
567 2443 815 2522 duotoautbenefioi
824 2450 966 2517 videantur,
975 2452 1058 2508 facero

268 2537 348 2591 iruulta
360 2555 416 2609 quae
431 2536 554 2607 proficiant
570 2534 602 2588 ab
617 2528 786 2586 ostentatione
798 2528 886 2600 magis,
900 2547 976 2598 quarn
989 2548 1004 2584 a
1016 2549 1059 2585 ro

268 2614 367 2668 luntate
385 2612 526 2669 videantur.
560 2608 627 2664 Talis
645 2609 730 2659 autam
750 2604 877 2660 simulatio
893 2607 1000 2661 vanitati
1019 2612 1060 2662 est

224 2704 255 2748 45
269 2689 434 2761 eorrjunotior,
442 2707 518 2760 qnam
527 2689 572 2741 aut
580 2681 726 2739 liberalitati
735 2688 781 2738 aut
790 2683 926 2738 honestati.
944 2684 1061 2740 Tertium

269 2773 308 2820 est
322 2766 529 2837 propositum,.ut
542 2762 569 2817 in
584 2759 750 2815 beneficentia
766 2760 883 2817 delectus
897 2766 966 2816 esset
980 2761 1062 2832 digni·

269 2844 346 2895 tatis:
369 2843 395 2895 in
410 2860 463 2912 quo
479 2846 505 2896 et
523 2854 606 2894 mores
623 2837 681 2908 ejus
698 2846 774 2892 erunt
790 2837 929 2909 spectandi,
943 2837 971 2891 in
987 2857 1062 2907 quern

270 2914 419 2970 troneticiurn
435 2917 589 2980 uerteretur,
603 2921 630 2970 et
649 2915 748 2970 animm
765 2934 826 2985 erga
842 2933 896 2978 nos,
909 2918 936 2968 et
952 2932 1065 2969 comnm-

270 2996 337 3043 ntra
350 3008 380 3046 ao
390 2991 499 3046 societas
508 2993 574 3058 vita,
585 2998 612 3047 et
624 2991 658 3047 ad
669 3003 769 3048 nostras
778 2991 903 3046 utilitates
915 2990 996 3045 otlieia
1004 2998 1064 3047 ante
