2575 3367
268 461 298 513 76
552 462 600 510 DE
618 459 772 508 OFFICIIS

226 587 257 633 39
302 574 341 629 Ac
353 591 409 628 mea
420 572 521 645 quidem
533 573 660 627 sententia
670 570 752 626 omnis
764 571 830 625 ratio
842 574 920 641 atque
932 570 1000 624 iustil

267 650 326 706 vitm
345 652 492 721 adjumenta
512 650 641 703 hominum
661 648 795 714 desiderat,
815 647 843 701 iu
863 647 1000 718 primisque

266 727 366 795 habeas,
379 727 528 799 quibuscum
542 727 622 796 possis
635 725 770 780 familiares
782 725 898 779 conferre
915 743 999 778 eerrno

267 803 334 874 quod
352 814 391 858 est
409 804 516 866 difficile,
534 803 584 856 nisi
601 803 709 872 speciem
729 820 780 872 pra
798 806 824 854 te
842 800 903 855 boni
920 801 970 855 viri
989 802 1000 854 f

266 882 336 952 Ergo
348 882 425 935 etiam
437 881 550 935 solitario
563 879 659 933 homini
670 884 748 949 atque
763 878 792 932 iu
802 896 865 949 agro
881 878 964 933 vitam
976 897 1000 948 ag

266 959 350 1028 opinio
359 961 371 1026 j
375 958 467 1011 notitiae
479 956 621 1011 necessaria
632 961 673 1009 est
680 978 688 1021 ;
707 973 787 1026 eoque
796 956 873 1009 etiam
885 955 977 1025 magis,
988 974 1000 1025 q

267 1051 320 1088 eam
335 1034 419 1088 sinon
431 1032 567 1096 habebunt,
580 1032 670 1102 injusti
686 1030 847 1086 habebuntur
864 1035 892 1085 et
908 1031 988 1086 nullia

227 1124 258 1169 40
267 1110 337 1164 sidiis
350 1111 416 1179 septi
428 1110 514 1165 multis
527 1109 669 1164 afficientur
683 1109 792 1178 injuriis.
829 1110 916 1175 Atque
927 1109 961 1163 iis
976 1121 1000 1164 ct

267 1187 311 1258 qui
322 1187 443 1255 vendunt,
455 1191 550 1253 emunt,
562 1186 716 1250 conducunt,
729 1184 814 1240 locant
831 1185 1000 1240 contrahendi

266 1264 376 1333 negotiis
393 1264 561 1334 implicantur,
579 1263 681 1334 justitia
698 1262 730 1317 ad
748 1281 800 1317 rem
819 1263 958 1333 gerendam
976 1281 1000 1316 nr

266 1341 333 1395 sama
352 1345 407 1396 est:
433 1345 506 1410 cujus
523 1346 596 1394 tanta
614 1340 652 1394 vis
670 1344 719 1404 est,
737 1345 767 1394 ut
784 1358 817 1394 ne
834 1339 871 1393 illi
888 1339 1000 1410 quidem,

266 1417 388 1473 maleficio
402 1422 429 1473 et
447 1418 541 1472 scelere
558 1422 706 1487 pascuntur,
724 1417 823 1488 possint
840 1416 896 1470 siue
914 1417 968 1471 ulla
985 1435 1000 1487 p

266 1495 440 1565 culajustitiae
452 1495 544 1549 vivere.
579 1495 647 1548 Nam
660 1495 704 1565 qui
720 1513 808 1548 eorum
824 1493 943 1564 cuipiam,
956 1494 1000 1564 qui

266 1571 455 1636 latrocinantur,
478 1572 578 1625 furatur
597 1569 691 1641 aliquid
712 1575 757 1625 aut
773 1570 857 1640 eripit,
875 1570 898 1624 is
917 1570 1000 1625 aibiu

266 1647 397 1702 latrocinio
417 1647 518 1718 quidem
541 1647 662 1717 relinquit
686 1647 777 1701 locum.
826 1646 873 1700 ille
897 1652 994 1712 autem,

206 1777 213 1783 ,
266 1724 418 1793 archipirata
433 1724 533 1788 dicitur,
546 1724 596 1778 nisi
614 1723 771 1794 aequabiliter
788 1722 899 1792 pradum
917 1723 1000 1795 disper

266 1804 311 1853 ant
328 1800 494 1854 interficiatur
511 1818 527 1854 a
541 1801 616 1855 sociis
633 1805 679 1855 aut
695 1800 859 1871 relinquatur.
895 1800 1000 1859 Quinc

265 1877 334 1948 leges
346 1876 471 1931 latronum
484 1895 540 1931 esse
556 1877 683 1945 dicuntur,
695 1877 788 1948 quibus
805 1881 919 1947 pareant,
934 1895 999 1948 quaa

265 1958 375 2009 servent.
411 1955 502 2025 Itaque
514 1958 618 2024 propter
630 1954 777 2024 aequabilem
795 1952 885 2023 praedae
897 1954 1000 2024 partitio

265 2035 291 2086 et
301 2030 416 2102 Bardylis
426 2031 527 2101 illyrius
539 2030 613 2095 latr0,
624 2029 656 2085 de
668 2049 719 2101 quo
728 2035 768 2085 eet
780 2029 848 2100 apud
858 2030 1000 2102 Theopomp

265 2127 369 2180 magnas
386 2126 446 2178 opes
462 2107 558 2172 habuit,
572 2111 599 2162 et
615 2107 696 2162 multo
713 2109 821 2178 majores
835 2107 969 2162 Viriathus
987 2110 1000 2162 I

265 2190 348 2249 tanus,
358 2186 399 2240 cui
412 2185 512 2256 quidem
525 2184 602 2239 etiam
615 2184 743 2239 exercitus
751 2184 834 2238 nostri
842 2183 1000 2253 imperatore

265 2267 413 2327 cesserunt3
432 2281 506 2332 quem
526 2262 556 2315 O.
568 2261 672 2326 Laelius,
690 2262 719 2326 is,
733 2262 777 2332 qui
793 2262 893 2331 sapiens
911 2280 1000 2329 usurpr

265 2345 358 2409 prator
369 2339 447 2408 fregit
460 2343 486 2392 et
501 2339 650 2392 comminuit
666 2339 876 2409 ferocitatemque
892 2337 950 2407 ejus
967 2339 1000 2393 itu

265 2415 364 2485 pressit,
378 2418 408 2468 ut
419 2414 492 2468 facile
504 2414 597 2468 bellum
610 2415 716 2486 reliquis
728 2415 849 2469 traderet.
879 2415 968 2474 Quum
981 2416 1000 2488 ig

264 2495 337 2546 tanta
348 2491 386 2545 vis
395 2491 504 2559 justitia
516 2491 557 2555 sit,
571 2496 644 2546 ntea
662 2492 739 2546 etiam
756 2492 883 2546 latronum
901 2510 965 2562 opes
977 2494 1000 2546 lh

265 2573 341 2639 atque
353 2571 453 2636 augeat,
466 2573 586 2638 quantam
598 2569 654 2638 ejus
667 2570 716 2622 vim
730 2569 796 2623 inter
808 2568 878 2640 leges
890 2573 917 2623 et
927 2570 1000 2640 judic

265 2645 405 2700 constituta
416 2644 544 2714 republica
556 2646 609 2699 iore
622 2647 760 2715 putamus?

225 2732 254 2777 41
300 2723 363 2777 XII.
382 2722 450 2776 Mihi
468 2721 569 2792 quidem
590 2739 641 2776 non
662 2723 729 2793 apud
749 2722 842 2777 Medos
863 2722 954 2790 solum,
975 2729 1000 2779 ul

265 2799 421 2864 Herodotus,
443 2797 584 2853 sedetiam
609 2800 678 2869 apud
698 2800 806 2870 majorca
826 2804 929 2854 nostros
950 2805 1000 2870 jus*

264 2876 376 2930 fruendae
391 2894 468 2930 causa
484 2875 603 2928 videntur
619 2876 678 2930 olim
696 2876 761 2931 bene
772 2878 864 2931 morati
879 2896 953 2948 reges
965 2897 1000 2934 co

263 2953 322 3007 tuti.
358 2952 425 3006 Nam
445 2969 521 3022 quum
541 2957 699 3020 premeretur
715 2953 788 3007 initio
808 2953 946 3009 multitudo
966 2957 999 3012 ab

262 3030 306 3099 qui
326 3030 435 3101 majores
454 3047 515 3099 opos
535 3027 678 3084 habebant:
705 3029 738 3084 ad
760 3049 838 3084 unum
864 3031 976 3102 aliquem
