2575 3367
266 314 298 362 48
591 311 731 361 LAELIUS

265 425 314 480 mis
326 425 414 479 efferat
428 423 567 480 laudibus?
602 425 657 483 Qui
673 425 795 480 clamores
812 425 871 478 tots
886 440 965 478 cares
977 441 998 477 n

265 501 293 555 in
301 501 409 572 hospitis
418 509 444 556 et
452 501 525 556 amici
537 501 594 566 mei,
603 502 641 556 Μ.
651 501 762 565 Pacuvii,
775 518 842 554 nova
850 499 951 554 sabula!
972 519 998 570 qu

264 576 398 648 ignorante
410 597 478 649 rege,
490 583 548 632 uter
565 583 636 632 essct·
650 578 763 645 Orestes,
777 575 886 647 Pylades
900 578 998 631 Oreste

265 671 321 710 asse
339 655 442 721 diceret,
453 661 484 709 ut
500 673 547 726 pro
561 655 604 708 illo
619 659 770 718 necaretur3
789 655 893 708 Orestes
911 658 998 708 autem

265 736 296 786 ut
314 736 376 797 arat,
395 734 512 786 Orestem
530 749 558 786 se
575 749 632 786 essa
650 736 830 800 perseveraret
866 731 972 785 stantes
990 749 998 800 1

265 806 359 862 debant
379 809 406 862 iu
424 826 452 862 re
471 809 545 862 ficta:
570 807 631 878 quid
652 807 804 862 arbitramur
820 807 848 861 in
867 825 928 861 vera
946 807 998 861 fact

265 883 364 938 luisse?
400 883 484 938 Facile
502 883 629 939 indicabat
647 885 703 954 ipsa
715 888 808 937 natura
819 885 870 937 sim
885 901 966 948 snam,
980 903 996 954 q

265 957 387 1022 homines,
401 959 469 1030 quod
486 960 570 1015 iacere
585 960 634 1030 ipsi
650 979 702 1014 non
716 963 827 1030 possent,
841 959 867 1013 id
883 965 954 1014 recte
966 961 998 1014 fie

266 1034 346 1089 altero
363 1035 516 1106 judicarent.
554 1038 689 1091 Hactenus
706 1037 769 1090 mihi
786 1035 879 1100 videor,
899 1035 931 1090 de
949 1037 999 1090 ami

265 1110 327 1182 quid
339 1113 468 1180 sentirem,
481 1112 595 1182 potuisse
612 1112 704 1167 dicere.
740 1112 768 1166 Si
783 1129 835 1181 qua
849 1119 974 1182 praeterea
990 1131 998 1166 s

267 1188 354 1259 (credo
366 1194 450 1244 autem
467 1207 524 1243 esse
539 1188 649 1258 multoz)
668 1188 701 1244 ab
718 1189 757 1253 iis,
770 1187 940 1252 sividebitur,
954 1188 998 1258 qui

266 1263 406 1335 disputant,
419 1266 562 1336 quoen'tote.

228 1355 259 1400 25
302 1341 389 1396 Faus.
414 1342 470 1396 Nos
482 1347 567 1396 autem
579 1360 595 1397 a
605 1344 633 1396 ta
648 1342 751 1412 potius:
774 1357 926 1412 quamquam
938 1339 998 1394 etiar

266 1418 324 1473 istis
341 1437 407 1488 saepe
424 1419 529 1487 quaesivi
546 1423 572 1473 et
589 1417 674 1472 audivi
690 1437 742 1473 non
756 1417 850 1472 invitus
862 1416 997 1488 equidem3

266 1494 335 1548 aliud
347 1495 472 1564 quoddam
485 1494 555 1548 filum
568 1495 690 1549 orationis
701 1499 760 1549 tnae.

301 1569 388 1624 Soror.
418 1571 484 1622 'lum
505 1573 586 1641 magis
607 1570 634 1624 id
655 1570 758 1638 diceres,
780 1570 868 1634 Fanni,
889 1570 912 1624 si
930 1587 998 1638 nnpe

265 1643 347 1699 hortis
372 1645 503 1716 Scipionis,
524 1665 603 1716 quum
627 1652 667 1703 ast
691 1648 723 1702 da
744 1646 872 1717 republica
892 1647 997 1716 disputa

266 1720 400 1776 adfuisses.
437 1721 528 1780 Qualis
552 1727 608 1777 tum
629 1728 752 1793 patronus
771 1723 880 1794 justitias
900 1722 952 1776 suit
972 1739 998 1777 ct

266 1803 409 1854 accuratam
421 1799 561 1853 orationem
574 1799 656 1854 Phili!

301 1875 388 1931 Faus.
406 1875 491 1930 Facile
502 1874 529 1929 id
539 1875 639 1945 quidem
653 1875 711 1942 suit,
715 1874 843 1944 justitiam
852 1872 998 1942 justissimo

265 1949 408 2006 defendere.

301 2028 388 2082 Scisv.
408 2027 476 2093 Quid
488 2026 643 2083 amicitiam?
668 2027 762 2082 Nonne
774 2025 847 2080 facile
859 2024 891 2089 ai,
905 2025 950 2095 qui
961 2024 995 2080 ob

265 2120 364 2158 summu
381 2104 437 2169 fide,
454 2105 600 2159 constantia
613 2103 765 2175 justitiaque
782 2104 908 2157 seruatam
926 2101 998 2156 maxi

266 2178 372 2249 gloriam
384 2181 501 2250 ceperit?

227 2268 258 2314 26
302 2256 379 2310 VIII.
397 2256 471 2310 Lnn.
485 2257 545 2310 Vim
557 2256 606 2310 hoc
618 2254 720 2327 quidem
732 2257 772 2309 est
785 2253 889 2308 afferre!
910 2253 998 2312 Quidr

265 2329 416 2406 refertque
427 2349 468 2386 ma
480 2335 614 2402 rogatione
626 2333 743 2403 cogatis?
775 2331 875 2400 cogitis
887 2335 966 2385 certe.

266 2407 313 2462 diis
326 2407 391 2462 enim
405 2427 565 2478 generorum,
578 2410 719 2479 praesertim
736 2409 763 2462 in
779 2427 807 2462 re
820 2407 893 2473 bona,
906 2426 986 2477 quum

265 2484 313 2540 cile
330 2493 377 2549 est,
391 2488 447 2538 tum
463 2503 496 2539 ne
512 2504 613 2555 aequum
630 2485 731 2556 quidem
744 2484 997 2554 iobsistercae-Soepis

265 2562 345 2632 igitur
357 2561 418 2615 mihi
431 2561 462 2615 de
480 2562 591 2616 amicitia
606 2562 732 2632 cogitanti
747 2561 854 2614 maxime
866 2559 929 2613 illud
947 2579 998 2614 com

266 2637 372 2691 randum
384 2637 465 2692 videri
483 2638 555 2702 solet,
569 2656 630 2691 num
648 2643 751 2707 propter
767 2635 968 2691 imbecillitatem
984 2655 998 2690 a

267 2714 376 2784 inopiam
393 2714 537 2768 desiderata
555 2713 589 2767 sit
607 2714 769 2779 amicitiant
785 2714 812 2766 in
830 2711 920 2766 dandis
938 2714 998 2783 reci}

268 2790 358 2860 disque
369 2792 476 2856 meritis,
488 2789 554 2860 quod
568 2788 674 2858 quisque
692 2789 775 2841 minus
793 2806 838 2857 per
855 2790 950 2860 seipse
967 2807 998 2858 po

265 2865 294 2919 id
309 2867 437 2938 acciperet
449 2866 480 2920 ab
493 2866 548 2930 alio,
562 2865 723 2934 vicissimque
735 2864 868 2929 redderet3
888 2883 921 2918 an
933 2870 998 2919 esset

254 2944 363 3016 quddam
381 2947 520 3022 proprium
540 2941 667 3009 amicitia,
682 2940 729 2995 sed
743 2941 871 3011 antiquior
888 2945 915 2996 et
934 2942 998 3013 pulc]
