2575 3367
425 316 474 364 ns
493 291 669 363 aur'crrrn.
699 315 774 362 cae.
789 315 826 363 re.
991 305 1022 364 ci

233 427 274 478 est
294 422 360 478 enim
381 422 487 478 istorum
506 421 624 494 quidque,
645 423 689 493 qui
705 422 784 477 vincit
802 420 1025 477 viribust—ami·

233 501 350 556 citiarum
363 518 410 553 sua
418 499 508 570 cuique
520 506 651 569 permanet
660 498 757 554 stabilis
767 502 794 553 et
802 504 873 552 certa
882 497 1022 568 possessio:

232 581 271 641 ut,
284 576 359 630 etiam
373 575 396 629 si
408 575 449 629 illa
462 579 586 640 maneant,
601 594 657 646 quaa
669 581 730 629 sunt
743 574 816 645 quasi
827 573 894 628 dona
905 574 1022 636 fortunar,

232 657 318 706 tamen
330 652 384 706 rita
398 651 495 706 inculta
506 657 533 707 et
546 651 647 707 deserta
658 653 690 708 ab
702 652 789 707 amicis
805 669 857 706 non
871 649 951 722 possit
967 666 1023 703 csse

229 726 351 799 jucunda.
387 727 437 782 Sed
449 728 503 783 haec
514 728 646 783 hactenus.

268 804 341 858 XVI.
359 803 539 859 constituendi
557 809 617 858 sunt
634 807 727 869 autem,
741 803 785 874 qui
801 803 852 858 sint
869 801 895 856 in
913 801 1062 857 amicitiato

231 879 294 932 fines
311 884 337 933 et
354 881 426 950 quasi
442 879 544 934 termini
560 878 689 949 diligendi.
723 880 765 934 De
777 879 868 950 quibus
884 883 937 932 tres
949 877 1022 934 vidco

231 955 371 1009 sententias
383 955 451 1019 ferri,
462 974 567 1026 quarum
579 956 674 1010 nullam
686 955 780 1026 probo:
799 974 883 1023 unam,
893 959 922 1008 ut
934 954 1022 1009 eodem

231 1030 307 1084 modo
320 1050 381 1102 erga
397 1032 489 1086 amieos
504 1031 589 1086 affecti
605 1032 691 1100 simus,
705 1050 754 1103 quo
766 1050 827 1102 erga
838 1032 1020 1102 nosmetipsos3

231 1105 345 1172 alteram,
358 1113 388 1162 ut
399 1112 487 1162 nostra
504 1107 531 1162 in
544 1107 636 1162 amieos
655 1107 829 1163 benevolentia
844 1107 944 1162 illorum
959 1125 1019 1177 erga

230 1199 277 1237 nos
294 1183 475 1239 benevolentia
488 1186 582 1254 pariter
594 1185 774 1256 equaliterque
786 1183 950 1255 respoudeat3
968 1188 1018 1238 ter·

229 1259 300 1323 tiam,
323 1265 360 1325 ut,
383 1261 471 1331 quanti
493 1260 599 1331 quisque
620 1280 648 1315 se
671 1261 725 1331 ipse
746 1261 815 1325 iacit,
837 1260 902 1314 tanti
923 1261 967 1314 fiat
987 1259 1019 1314 ab

230 1335 325 1389 amicis.
363 1337 462 1390 Harum
480 1338 557 1390 trium
576 1338 758 1391 sententiarum
777 1336 840 1390 nulli
860 1354 962 1406 prorsus
980 1347 1059 1398 asor

230 1411 334 1465 sentior.
370 1412 427 1466 Nec
445 1413 511 1466 enim
532 1411 575 1466 ilia
591 1414 682 1482 primo
699 1430 759 1466 vera
779 1415 826 1476 est,
844 1417 882 1475 ut,
901 1410 1019 1481 quemad·

229 1485 331 1540 modum
352 1487 380 1540 in
400 1506 427 1542 se
448 1488 562 1559 quisque,
585 1488 621 1542 sic
645 1488 673 1542 in
696 1489 803 1542 amicum
828 1487 862 1541 sit
885 1487 1018 1541 animatus.

230 1561 315 1620 Quam
333 1562 413 1617 multa
430 1564 505 1628 enim,
525 1582 581 1634 quaa
599 1569 688 1618 nostra
705 1582 781 1619 causa
801 1581 937 1633 numquam
954 1563 1019 1618 iace-

229 1656 323 1705 remus,
345 1638 450 1694 facimus
474 1657 551 1694 causa
574 1640 718 1707 amicorum,
737 1639 834 1710 precari
855 1639 886 1694 ab
906 1639 1017 1709 indiguo,

229 1713 378 1783 supplicare,
390 1719 445 1768 turn
458 1714 572 1769 acerbius
587 1716 614 1769 in
627 1716 735 1786 aiiqucm
746 1715 838 1779 invehi,
851 1715 1018 1785 insectarique

228 1792 418 1857 vehementium
437 1811 494 1862 quae
511 1793 538 1846 in
556 1791 650 1846 nostris
668 1792 743 1846 rebus
761 1810 813 1846 non
828 1792 890 1846 satis
904 1792 1016 1853 honeste,

228 1867 255 1921 in
267 1868 405 1922 amicorum
416 1868 482 1922 fiunt
494 1868 687 1923 honestissime:
706 1867 841 1937 muitoeque
853 1885 894 1921 res
910 1868 977 1930 sunt,
990 1865 1018 1920 in

228 1944 320 2014 quibus
342 1942 373 1998 de
397 1944 450 1999 suis
474 1944 611 1999 commodis
631 1945 679 1999 viri
699 1942 760 1999 boni
780 1942 861 1997 multa
881 1941 1017 1996 detrahunt

228 2019 377 2089 detrahique
401 2019 539 2090 patiuntur,
561 2024 590 2074 nt
611 2019 642 2074 iis
664 2019 737 2073 amici
760 2018 854 2089 potius,
874 2036 948 2088 quam
968 2017 1017 2087 ipsi

227 2094 353 2149 fruantur.
388 2096 479 2149 Altera
497 2095 623 2150 sententia
641 2099 689 2159 est,
704 2112 760 2164 quae
777 2093 865 2148 definit
883 2092 1016 2147 amicitiam
1025 2102 1057 2147 58

227 2171 330 2239 paribus
342 2170 429 2227 officiis
446 2188 475 2225 ac
486 2170 669 2225 voluntatibus.
705 2169 765 2224 Hoc
777 2167 876 2240 quidem
889 2172 929 2222 est
943 2167 1016 2224 nimis

227 2246 319 2316 exigue
335 2248 362 2299 et
378 2245 478 2300 exiliter
495 2245 527 2301 ad
544 2245 653 2301 calculos
666 2263 755 2300 vocare
770 2244 912 2310 amicitiam,
926 2249 956 2299 ut
972 2263 1017 2315 par

227 2321 261 2375 sit
284 2321 350 2374 ratio
374 2326 533 2391 ecceptonrm
559 2324 585 2376 et
609 2320 735 2375 datorum.
770 2321 882 2375 Divitior
905 2321 966 2374 mihi
989 2325 1016 2376 et

227 2396 368 2450 affluentior
389 2396 489 2451 videtur
512 2415 568 2451 esse
591 2415 652 2451 vera
675 2397 785 2451 amicitia
813 2415 859 2451 nec
882 2396 1015 2452 observare

226 2472 350 2536 restricte,
364 2490 395 2526 ne
407 2472 465 2541 plus
477 2472 574 2536 reddat,
588 2490 662 2542 quam
676 2473 808 2542 acceperit.
846 2473 936 2543 Neque
948 2473 1016 2526 enim

225 2547 362 2602 verendum
379 2554 426 2614 est,
439 2567 470 2603 ua
488 2548 549 2619 quid
565 2548 672 2612 excidat,
686 2553 731 2601 aut
747 2566 779 2602 ne
797 2547 858 2617 quid
876 2547 904 2600 iu
921 2553 1014 2601 terram

226 2624 328 2687 defluat,
350 2628 395 2677 aut
416 2642 449 2678 ne
471 2623 528 2694 plus
553 2641 625 2693 [equo
649 2624 676 2677 in
699 2623 833 2677 amicitiam
854 2626 1013 2692 congeratur.

228 2700 332 2754 Tertius
349 2717 409 2753 vero
429 2699 470 2755 ille
488 2699 544 2752 finis
567 2698 726 2765 deterrimus,
744 2703 781 2761 ut,
801 2697 889 2767 quanti
908 2697 1054 2767 quisqueoo

226 2796 253 2832 se
271 2778 325 2845 ipse
339 2776 423 2842 iaciat,
435 2778 502 2830 tanti
514 2777 558 2829 fiat
574 2774 605 2829 ab
618 2775 712 2829 amicis.
749 2775 820 2845 Saepe
838 2775 904 2828 enim
922 2774 948 2827 iu
960 2776 1014 2844 qui·

224 2851 330 2908 busdam
344 2859 389 2905 aut
401 2851 498 2906 animus
510 2849 632 2921 abjectior
643 2854 691 2915 cst,
705 2854 749 2904 aut
766 2868 823 2921 apes
836 2850 1014 2920 amplificando
