2575 3367
457 320 524 369 LIB.
543 319 594 369 111.
615 318 690 367 cAP.
707 321 746 375 22,
763 321 801 367 23.
975 319 1020 364 129

220 431 349 488 Iibertata
361 431 490 496 dederant,
500 432 667 486 redderemus.
692 431 724 484 Ei
736 433 838 484 senatus
847 432 887 483 est
896 445 1021 483 assensus.

230 509 316 578 Turpe
326 509 439 578 imperio.
468 508 613 561 Piratarum
625 508 692 561 enirn
705 506 793 560 melior
804 506 873 560 fides.
898 508 934 560 At
947 509 1022 560 aucta

231 584 366 655 vectigalia
373 606 381 650 ;
411 584 475 639 utile
498 584 586 654 igitur.
623 583 764 653 Quousque
787 581 916 636 audebunt
940 581 1022 636 dicere

230 661 368 730 quidquam
386 660 457 724 utile,
480 659 548 730 qnod
567 677 620 712 non
637 659 792 713 honesturn?
827 658 918 712 Potest
936 661 1021 712 autem
1032 669 1062 714 88

230 736 277 790 udi
293 736 405 805 irnperio,
425 736 493 805 quod
513 735 594 806 gloria
613 735 710 789 fultum
733 752 789 789 esse
812 733 888 789 debet
905 738 932 788 et
947 733 1022 789 bene-

230 812 344 867 volentia
361 812 494 876 sociorum,
507 811 571 865 utile
588 829 644 866 esse
661 811 746 866 odium
764 815 791 866 et
808 811 929 865 infamia?
965 811 1022 881 Ego

231 887 377 942 etiamnum
391 887 488 942 Catone
501 906 557 942 meo
571 906 637 958 saepo
650 887 764 942 dissensi.
789 887 874 942 Nimis
886 887 947 942 mibi
959 906 1023 958 prae-

230 963 312 1018 fracte
323 962 456 1018 videbatur
468 963 582 1034 aerarium
592 963 774 1034 vectigaliaque
786 963 928 1029 defendere,
939 963 1023 1018 omnia

230 1039 371 1109 publicanis
387 1056 488 1109 negare,
508 1039 589 1093 multa
606 1040 698 1106 aociis;
717 1057 796 1110 quum
813 1040 840 1093 in
855 1040 902 1094 hos
916 1039 1023 1095 benefici

229 1132 287 1170 ease
299 1114 455 1179 deberemus,
467 1132 526 1170 cnm
537 1115 587 1169 illis
599 1115 635 1170 sic
648 1133 731 1186 agere,
745 1118 775 1169 nt
787 1133 845 1170 cum
858 1116 952 1170 colonis
964 1134 1024 1170 noa·

230 1191 277 1247 tria
290 1190 417 1256 solemus;
435 1209 515 1262 eoque
528 1191 616 1262 magis,
631 1209 681 1261 quo
692 1191 737 1245 illa
749 1190 864 1244 ordinum
877 1191 1021 1261 conjunctio

230 1266 389 1323 adsalutem
406 1266 550 1336 reipublicae
567 1267 720 1336 pertinebat.
756 1267 825 1321 Male
843 1266 920 1321 etiam
938 1267 1021 1334 Curio,

230 1363 311 1415 quum
328 1362 438 1397 carenni.
454 1344 705 1415 Prnnapodnncrnm
721 1361 825 1414 oeqnnm
841 1363 891 1398 erre
906 1343 1021 1399 dicebat:

229 1438 330 1490 semper
341 1423 427 1473 autern
442 1418 567 1474 addebat:
604 1421 721 1474 ‘Vincat
732 1420 849 1474 utilitas!
879 1419 969 1474 Potius
985 1419 1023 1474 di-

208 1555 220 1565 „
230 1500 307 1561 caret,
320 1513 372 1549 non
382 1513 439 1549 ease
450 1513 554 1564 oequam,
568 1495 627 1565 quia
638 1514 690 1549 non
701 1499 770 1550 esset
783 1495 852 1550 utilis
868 1495 1021 1566 reipublicae,

208 1612 213 1641 2
227 1591 313 1644 quam,
326 1590 404 1642 quum
416 1572 508 1624 niilene
519 1571 614 1626 diceret
626 1590 679 1626 non
690 1590 753 1639 esse,
765 1590 866 1643 epicam
877 1572 1010 1626 fateretur.

208 1688 236 1721 ὁ,
263 1647 370 1703 XXIII.
389 1645 483 1700 Plenus
499 1650 539 1701 est
557 1652 645 1702 sextus
661 1647 725 1702 liber
736 1648 768 1702 de
781 1648 868 1702 officiis
881 1650 1021 1704 Hecatonis
1031 1661 1063 1707 89

228 1724 320 1781 talium
332 1722 516 1792 quaestionum:
552 1723 623 1777 Sitne
635 1723 697 1777 boni
708 1725 763 1778 viri
774 1727 804 1777 in
822 1726 941 1778 ninnium
954 1727 1023 1779 eari-

209 1810 280 1871 ‚tate
297 1817 411 1852 annonae
418 1799 561 1869 familiam
580 1817 634 1852 non
651 1799 743 1853 alere?
768 1800 801 1852 In
815 1802 949 1870 utramque
966 1818 1023 1869 par·

208 1928 211 1945 ,
228 1879 282 1933 tam
295 1874 409 1944 disputat
416 1895 424 1940 ;
443 1873 488 1930 sed
499 1878 586 1928 tamen
597 1875 629 1928 ad
642 1875 902 1930 extremurnutilitate
912 1875 1022 1930 officium

223 1951 318 2022 *dirigit
338 1950 426 2020 magis,
446 1968 521 2019 quam
538 1950 704 2006 humanitate.
742 1951 849 2016 Quaerit,
868 1953 892 2004 si
910 1952 942 2004 in
959 1956 1023 2007 mari

220 2029 334 2100 jactura
347 2025 476 2096 sarienda
494 2026 535 2092 rit,
553 2027 642 2096 equine
661 2028 771 2097 preciosi
785 2031 873 2097 potine
887 2028 1023 2095 jacturam

218 2105 319 2176 saciat,
334 2119 371 2155 on
389 2102 482 2156 mrcnie'
500 2102 586 2156 cilis?
624 2103 677 2157 Hic
695 2101 744 2156 alio
761 2121 802 2156 res
819 2102 955 2168 familiaris,
974 2103 1022 2158 alio

227 2179 301 2236 ducit
312 2178 463 2233 humanitas.
493 2179 526 2232 Si
536 2181 652 2232 moulan
661 2179 691 2232 de
700 2182 841 2249 naufrapio
848 2180 944 2233 sintina
951 2182 1023 2234 erri-

223 2255 326 2327 pnerit,
337 2253 524 2323 extorquebitne
535 2272 592 2308 enm
603 2256 716 2323 sapiens,
728 2256 754 2308 si
761 2256 875 2323 potnerit
886 2255 900 2308 i
926 2255 1021 2327 Negat,

224 2333 292 2403 qnia
310 2333 343 2383 ait
360 2329 504 2397 injurium.
543 2329 641 2396 Quid?
660 2330 784 2384 dominns
804 2332 882 2384 navis
899 2333 1023 2402 eripietne

224 2423 306 2461 ennm
320 2404 333 2457 i
358 2405 490 2458 Minime:
510 2422 565 2458 non
575 2406 644 2474 pina,
657 2423 736 2474 qnam
748 2410 913 2476 naviqantem
925 2409 957 2460 in
969 2409 1021 2462 alto

210 2482 315 2553 “qiicere
332 2479 363 2532 de
380 2481 445 2532 naci
460 2481 527 2544 velit,
541 2481 605 2550 qnia
622 2498 672 2533 ann
689 2485 730 2534 sit.
769 2482 862 2548 Quoad
878 2483 950 2535 enim
963 2501 1022 2552 per-

226 2565 334 2612 centnm
353 2558 388 2608 ait
404 2574 440 2617 eo,
453 2573 501 2625 qno
519 2565 624 2626 sumpta
642 2557 720 2609 necis
737 2567 779 2620 erc,
792 2575 847 2610 non
864 2557 969 2611 domini
985 2569 1021 2611 ert

213 2628 313 2696 ‘navia
326 2631 370 2684 sed
379 2632 571 2700 ncciqnniinm.
599 2631 695 2698 Quid?
713 2632 738 2684 ri
749 2650 805 2690 nne
816 2631 904 2685 minin
915 2634 956 2697 eit,
969 2633 1020 2686 dno
1029 2652 1060 2699 90

215 2709 364 2781 *nansrqqi
376 2707 447 2776 iique
458 2708 585 2776 sopientes
593 2724 606 2771 ;
625 2706 705 2760 sibine
721 2717 777 2760 nter
792 2707 890 2774 rapiat,
903 2724 940 2759 an
957 2707 1021 2761 aiter

225 2783 298 2837 cedat
309 2781 411 2836 alteri?
449 2781 525 2835 Cedat
538 2799 614 2834 vero:
633 2782 678 2834 aed
687 2785 717 2848 ei,
730 2782 805 2850 cnjns
817 2782 902 2848 neqqis
913 2782 1020 2850 intersit,

229 2859 267 2912 ecl
282 2875 332 2912 ano
349 2857 388 2910 cel
406 2857 552 2926 reipublicae
568 2874 648 2910 cansa
666 2857 756 2910 vicere.
804 2856 897 2918 Quid?
921 2858 947 2910 si
967 2858 1020 2911 bne
1042 2854 1045 2860 ⁴

615 2947 636 2984 x
