2575 3367
293 298 327 355 Ὶο
585 307 633 353 DE
653 304 805 352 OFFICIIS

258 404 433 462 22societctis.
470 404 520 458 Sed
538 405 664 474 quoniam,
681 405 722 472 (ut
737 402 857 474 praeclare
873 404 996 472 scriptum
1013 404 1053 454 est
1070 417 1085 452 c

297 481 426 548 Platone)
439 498 490 534 non
502 480 575 535 nobis
591 480 673 534 solum
688 480 744 533 nuti
759 497 855 543 sumus,
868 482 990 547 ortumque
1005 475 1085 529 nostri

295 559 395 625 purtem
406 555 489 626 patria
500 555 618 622 vindicat,
630 559 729 626 purtem
745 558 870 625 parentes,
883 556 981 623 purtem
996 551 1084 615 amici3

295 635 380 701 atque,
400 635 430 685 ut
451 631 534 702 placet
553 631 652 699 Stoicis,
671 649 727 702 quae
748 631 776 684 iu
793 630 868 684 terris
889 630 1034 700 gignantur,
1054 626 1085 680 ad

295 726 371 762 usum
382 707 513 762 hominnm
524 707 609 761 omniu
624 707 711 771 creari,
724 706 838 760 homines
855 709 940 759 cutem
955 703 1084 758 hominum

295 800 439 837 consuesse
451 788 592 854 generatos,
606 787 636 836 ut
647 782 698 853 ipsi
712 782 780 836 inter
795 800 823 836 se
840 780 895 835 aliis
911 780 955 834 alii
966 778 1085 850 prodesse

295 861 416 929 possent:
437 858 465 912 in
480 859 528 914 hoc
543 862 661 912 naturum
678 858 798 913 debemus
816 857 906 911 ducem
923 856 1003 926 sequi,
1018 873 1087 910 com-

295 952 385 988 munes
405 934 530 990 utilitates
551 935 579 989 iu
598 934 710 989 medium
733 935 833 998 offerre,¹
849 933 990 987 mutatione
1010 932 1086 986 offici·

295 1027 376 1074 orum,
392 1009 482 1076 duudo,
498 1009 650 1082 accipiendo,
665 1015 722 1065 tum
738 1010 844 1073 artibus,
859 1013 916 1063 tum
932 1026 1015 1078 opera,
1030 1011 1086 1062 tum

296 1086 460 1141 facultatibus
481 1086 607 1142 devincire
630 1087 762 1141 homiuum
785 1087 852 1139 iuter
872 1085 986 1138 homines
1010 1085 1086 1138 socie
1123 1114 1130 1176 ‚4

257 1165 383 1216 mutem.
420 1162 623 1218 Fundamentum
639 1168 725 1218 eutem
740 1162 848 1234 justitiae
864 1166 904 1216 est
913 1163 987 1230 fides,
1003 1159 1030 1214 id
1046 1164 1086 1214 est
1124 1177 1130 1253 p

296 1237 422 1292 dictorum
443 1242 675 1309 conventorumque
695 1238 838 1294 constantie
858 1243 885 1292 et
906 1237 1007 1291 veritas.
1043 1237 1086 1290 Ex

294 1332 354 1384 quo,
368 1333 519 1387 quemquam
534 1315 583 1370 hoc
597 1314 724 1370 videbitur
740 1314 849 1368 fortasse
864 1313 973 1384 cuipiam
988 1312 1085 1377 durius,

295 1397 382 1446 tumen
402 1392 540 1446 audeamus
560 1391 655 1446 imitari
674 1391 780 1455 Stoicos,
800 1389 844 1460 qui
865 1389 978 1444 studiose
997 1390 1087 1459 exqui-

211 1499 215 1511 ·
294 1472 364 1532 cunt,
381 1469 450 1523 unde
470 1468 548 1523 verba
568 1468 620 1521 sint
640 1467 726 1534 ductu,
743 1466 933 1536 credamusque,
952 1466 1012 1537 quic
1024 1469 1085 1537 fiat,

295 1542 363 1614 quod
375 1543 470 1598 dictum
483 1548 530 1611 est,
542 1543 781 1614 appellatumfidem.

331 1619 382 1674 Sed
402 1620 533 1690 injustitie
552 1638 645 1691 genera
662 1620 715 1674 dno
731 1625 808 1674 sunt:
829 1638 908 1674 unum
929 1635 1027 1683 eornm,
1042 1618 1086 1689 qui

295 1695 423 1762 inferuut3
448 1696 555 1751 alterum
573 1714 668 1761 eorum,
686 1697 731 1768 qui
748 1697 780 1751 eb
801 1696 840 1763 iis,
857 1694 949 1767 quibus
967 1694 1084 1758 infertur,
1125 1722 1128 1755 ι

296 1771 319 1826 si
329 1778 445 1843 possunt,
457 1790 509 1827 non
520 1772 670 1843 propulsent
685 1773 810 1845 iujuriam.
847 1772 915 1826 Num
931 1771 975 1842 qui
990 1770 1085 1842 injuste

295 1848 419 1917 impetum
430 1849 457 1902 in
473 1849 615 1919 quempiam
631 1848 700 1914 iacit,
714 1854 758 1903 aut
774 1849 813 1903 irc
828 1853 873 1903 aut
889 1847 973 1917 ulique
987 1853 1085 1918 pertur-

296 1923 398 1978 batione
414 1924 577 1991 incitatus,is
593 1924 666 1996 quasi
681 1943 771 1980 manns
787 1925 876 1980 afferre
887 1924 989 1978 videtur
1000 1925 1084 1978 socio:

296 2000 341 2070 qui
352 2004 437 2055 cutem
452 2019 503 2055 non
520 2000 633 2055 defendit
650 2019 696 2056 nec
712 2001 821 2069 obsistit,
833 2001 855 2055 si
871 2003 964 2071 potest,
977 2000 1084 2070 iujuriae,

295 2079 348 2130 tem
365 2080 405 2131 est
420 2077 447 2131 in
464 2077 623 2148 utinquam
639 2077 794 2148 sipareutes
811 2081 856 2132 cut
871 2076 964 2131 amium
981 2080 1026 2130 cut
1044 2095 1085 2147 pa-

257 2153 370 2207 24trium
382 2153 490 2208 deserat.
521 2154 781 2225 Atqueilloequidem
792 2153 897 2225 injurius,
910 2171 967 2223 quae
978 2152 1086 2208 nocendi
1124 2214 1126 2219 ,

294 2245 371 2282 ceusu
391 2227 423 2282 de
440 2228 567 2283 industu'c
586 2229 738 2294 inferuntur,
757 2247 824 2300 sepe
846 2247 862 2283 u
882 2233 955 2284 metu
974 2229 1086 2298 proficis·
1123 2238 1126 2287 t

294 2307 404 2368 cuutnr3
426 2322 503 2374 quum
520 2304 551 2369 is,
567 2305 611 2375 qui
628 2323 719 2360 nocere
737 2304 812 2360 ulteri-
828 2305 932 2376 cogitet,
947 2305 1029 2369 timet,
1044 2323 1084 2369 nc,
1124 2302 1127 2333 ³

295 2378 345 2432 nus
355 2378 383 2432 u
394 2379 490 2444 coest,
503 2379 558 2450 epse
573 2381 657 2451 mquo
673 2380 796 2435 afficiatur
807 2381 973 2435 incommodo.
1009 2381 1086 2434 max·
1126 2342 1130 2426 i

294 2453 887 2526 imumautempartemadinjuriumicciendum
894 2456 1084 2528 aggrediuntur,

294 2534 325 2584 ut
336 2529 511 2600 adipiscantur
522 2549 559 2596 ea,
573 2550 628 2602 que
640 2534 854 2603 concupiverunt:
873 2533 900 2588 in
916 2550 966 2603 quo
978 2533 1041 2588 vitio
1053 2532 1086 2586 lu

295 2605 394 2661 tissime
406 2611 479 2676 patet
491 2607 603 2662 avaritia.

256 2692 288 2738 25
329 2682 411 2738 VIII.
430 2684 594 2753 Expetuntur
605 2686 690 2737 cutem
703 2683 797 2739 divitie
814 2705 891 2757 quum
909 2685 1012 2740 udusus
1027 2686 1086 2741 vitae

294 2758 457 2827 necessarios,
469 2762 525 2813 tum
540 2757 572 2812 ud
584 2758 749 2828 perfruendas
764 2761 916 2832 voluptates.
948 2761 981 2815 In
993 2762 1085 2831 quibus

292 2837 381 2890 autem
391 2835 472 2906 major
483 2837 523 2891 est
532 2833 639 2899 munus,
648 2835 676 2889 in
684 2835 716 2890 iis
725 2837 839 2906 pecunie
848 2837 974 2908 cupiditas
986 2843 1085 2908 spectet
1128 2846 1130 2934 4
