2575 3367
271 315 301 361 14
552 312 601 361 DE
620 312 772 362 OFFICIIS

270 413 367 468 dierum
385 415 470 467 essent
484 431 546 467 cum
566 413 640 468 hoste
658 414 732 468 factae
752 412 867 478 induciae,
883 415 964 467 noctu
981 429 1058 483 popae

269 490 369 544 labatur
381 507 462 560 agros,
476 488 544 560 quod
560 489 658 544 dierum
674 495 761 544 essent
776 494 864 560 pactae,
877 508 929 543 non
945 491 1058 544 noctium

268 566 384 621 induciae.
421 566 463 621 Ne
479 570 566 620 noster
582 566 684 637 quidem
699 565 852 636 probandus,
867 566 890 620 si
906 584 995 620 verum
1011 569 1058 630 est,

270 645 300 708 Q.
321 642 428 697 Fabium
448 642 599 707 Labeonem,
622 661 668 696 seu
690 661 766 712 quem
790 643 874 707 alium,
891 642 973 711 Ι(ιιιιιιι
992 643 1058 697 eninr

269 724 363 789 prater
379 718 494 774 auditum
509 718 614 787 habea)
631 719 754 773 arbitmm
771 718 878 773 Nolanis
895 723 922 772 et
938 718 1060 789 Neapoli·

268 796 335 850 tanis
348 795 379 849 de
394 794 487 849 linibus
503 812 518 848 a
533 799 624 849 senatu
636 794 680 849 dat
668 799 731 859 tum,
744 813 823 863 quum
836 794 868 848 ad
878 794 963 849 locum
975 795 1058 850 venis-

269 877 316 937 set,
330 891 387 928 cum
399 872 513 944 utrisque
525 876 625 943 separat
625 874 661 927 im
613 873 741 927 ttlocu
729 876 793 939 ιιιιιι,
804 876 835 926 ut
848 891 881 927 ne
892 872 984 942 cupide
996 871 1058 942 quid

269 956 381 1021 agerent,
392 968 425 1004 ne
437 968 500 1020 appe
501 954 592 1014 t‚cnter
603 954 630 1004 at
631 968 681 1021 que
692 968 711 1002 u
710 949 841 1019 tregreffi,
851 967 926 1019 quam
937 948 1058 1020 progredi

268 1026 379 1080 mallent.
415 1026 448 1080 Id
466 1044 545 1095 quum
562 1030 592 1080 ut
593 1027 665 1096 rique
682 1026 809 1090 fecissent,
790 1026 983 1096 taliqnantum
1002 1025 1058 1114 agri

268 1102 296 1156 in
307 1101 389 1157 medio
403 1101 575 1157 relictumt
535 1106 583 1157 est.
620 1104 712 1172 Itaque
726 1067 827 1156 illoruin
843 1101 913 1168 fines,
925 1102 1016 1156 sieut
1008 1101 1058 1173 rpsi

269 1179 424 1247 dixerantt‚
426 1179 574 1235 erminavit·
568 1222 573 1233 .
603 1179 631 1233 in
653 1179 736 1234 medio
760 1179 832 1233 relict
821 1182 877 1232 tum
900 1179 969 1249 quod
992 1186 1055 1244 erat,

268 1257 361 1327 populo
371 1257 486 1311 Romano
498 1255 660 1326 adjudicavit.
696 1255 820 1326 Decipere
831 1255 880 1309 hoc
891 1254 994 1324 quidem
1007 1259 1055 1318 est,

267 1351 319 1387 ιιοιι
333 1333 454 1403 judicare.
490 1333 618 1392 Quocirca
633 1333 661 1387 in
674 1332 745 1387 omni
760 1351 788 1387 re
804 1331 925 1402 fugienda
940 1336 981 1387 est
996 1333 1056 1388 talis

267 1410 386 1465 sollertia.

302 1487 351 1540 XI.
371 1487 436 1540 Sunt
454 1488 538 1538 autem
554 1484 667 1555 quadarn
683 1485 766 1539 officia
780 1485 858 1540 etiam
873 1483 995 1540 adversus
1012 1503 1058 1540 eos

268 1561 398 1626 servanda,
411 1579 426 1614 a
438 1561 529 1630 quibus
541 1561 659 1631 injuriam
672 1562 805 1632 acceperis.
841 1562 890 1617 Est
902 1562 969 1616 enirn
983 1562 1057 1617 ulcis·

267 1637 340 1692 cendi
357 1641 384 1691 et
402 1635 522 1707 puniendi
540 1637 637 1691 modus.
674 1641 761 1708 Atque
779 1637 846 1691 haud
864 1639 924 1702 scio,
942 1655 976 1691 an
993 1639 1055 1692 satis

267 1714 308 1778 sit,
327 1732 393 1778 eum,
410 1713 454 1783 qui
472 1713 617 1779 lacessierit,
635 1714 733 1785 injuriae
751 1733 804 1768 suae
821 1715 958 1784 poenitere:
980 1718 1056 1788 utet

265 1790 320 1860 ipse
340 1808 373 1844 ne
392 1790 453 1861 quid
470 1790 522 1844 tale
540 1791 653 1860 posthac,
671 1797 698 1844 et
715 1791 795 1845 ceteri
814 1791 866 1844 sint
885 1790 918 1844 ad
936 1791 1055 1861 injuriam

228 1866 396 1921 attardiores.
432 1868 519 1938 Atque
543 1867 570 1920 in
593 1866 723 1937 republica
748 1866 856 1921 maxime
883 1867 1055 1921 conservanda

266 1947 326 1997 sunt
334 1947 395 2013 jura
406 1942 472 1999 belli.
498 1943 564 1997 Nam
578 1961 656 2014 quum
668 1943 720 1997 sint
732 1942 783 1997 duo
795 1961 889 2014 genera
900 1942 1053 2008 decertandi,

264 2038 344 2074 unum
361 2038 407 2091 per
423 2019 638 2091 disceptationem,
653 2019 760 2074 alterum
775 2038 822 2089 per
837 2019 903 2085 vim3
925 2037 1054 2089 quumque

264 2095 328 2149 illud
348 2097 478 2167 proprium
503 2097 537 2151 sit
558 2096 675 2161 hominis,
697 2096 746 2151 hoc
766 2095 914 2151 beluarum:
938 2096 1054 2166 coniugi-

264 2171 357 2225 endum
378 2177 418 2226 est
438 2173 470 2226 ad
493 2173 628 2242 posterius,
649 2173 672 2226 si
695 2173 734 2227 uti
757 2191 810 2226 non
832 2172 892 2226 licet
915 2173 1052 2242 superiore.

226 2247 351 2305 ttQuare
369 2247 528 2317 suscipienda
544 2248 645 2317 quidem
663 2248 729 2302 bella
746 2252 807 2303 sunt
821 2247 854 2302 ob
872 2266 927 2302 eam
943 2266 1052 2314 causam,

264 2326 294 2376 ut
310 2322 364 2376 sine
380 2323 473 2392 injuria
489 2324 516 2377 in
531 2342 592 2393 pace
609 2325 728 2389 vivatur;
749 2330 822 2395 parta
837 2328 922 2378 autem
938 2325 1051 2392 victoria,

263 2398 465 2464 conservandiii,
479 2399 523 2469 qui
538 2417 589 2453 non
604 2400 718 2454 crudeles
734 2401 762 2455 in
777 2401 850 2465 bello,
863 2419 915 2455 non
931 2401 1053 2456 immanes

263 2476 382 2529 luerunt:
398 2478 428 2528 ut
437 2479 546 2544 majores
555 2477 636 2530 nostri
645 2478 809 2542 Tusculanos,
820 2479 925 2548 AEqnos,
936 2477 1050 2543 Volscos,

264 2552 377 2615 Sabinos,
397 2550 523 2605 Hernicos
543 2551 571 2605 in
591 2552 720 2607 civitatem
738 2554 814 2607 etiarn
833 2558 1002 2624 acceperunt3
1025 2558 1052 2608 at

263 2628 443 2698 Carthaginem
460 2631 487 2682 et
499 2629 662 2682 Numantiam
675 2629 791 2683 funditus
806 2630 979 2684 sustulerunt:
998 2630 1052 2685 nol·

262 2704 309 2757 lem
329 2704 495 2758 Corinthum:
517 2702 562 2758 sed
579 2704 653 2758 credo
672 2704 766 2773 aliquid
782 2709 891 2772 secutos,
905 2707 1052 2776 opportuni-

261 2785 342 2832 tatem
354 2781 402 2833 loci
415 2780 530 2845 manime,
543 2798 576 2833 ne
587 2784 674 2847 posset
690 2781 823 2851 aliquando
840 2782 872 2834 ad
888 2781 979 2836 bellum
994 2784 1053 2839 laci-

261 2854 353 2909 endum
375 2857 445 2912 locus
466 2857 521 2928 ipse
541 2855 677 2910 adhortari.
713 2859 773 2911 Mea
794 2858 895 2928 quidem
916 2861 1051 2925 sententia,
