2575 3367
359 361 405 408 DE
424 358 641 407 SENEOTUTE.
671 358 744 404 CAP.
765 360 802 405 15.
954 359 982 406 21

198 475 315 529 Plautus!
341 493 415 546 quam
429 473 571 530 Pseudolo!
596 472 657 527 Vidi
676 473 751 526 etium
770 490 854 526 senem
867 471 985 526 Livium:

198 552 236 621 qui
251 569 328 620 quum
341 570 385 604 sex
398 551 469 604 annis
482 555 548 614 unte,
562 567 635 618 quum
650 567 697 619 ego
709 553 784 602 notus
797 566 861 612 sum,
874 547 985 601 fabulum

198 626 328 690 docuisset,
348 628 460 680 Centone
480 624 656 696 Tuditanoque
677 623 830 688 consulibus,
852 642 932 694 usque
953 623 985 677 ad

198 702 387 756 adolescentiam
399 720 481 756 meam
493 702 616 772 processit
628 704 711 755 [etate.
736 699 802 765 Quid
812 699 843 753 de
855 700 884 753 P.
895 699 985 754 Licinii

198 777 278 832 Jrassi
290 782 316 832 et
328 777 450 847 pontificii
463 782 490 832 et
502 777 582 831 civilis
592 777 657 848 juris
670 775 756 830 studio
767 775 875 846 loquarl
896 780 941 829 out
953 775 985 829 de

198 854 268 922 rujus
281 853 310 907 P.
320 853 451 923 Scipionis,
465 853 509 924 qui
520 853 559 907 his
575 853 661 923 paucis
673 851 762 908 diebus
780 851 895 922 pontifex
907 851 985 905 maxi·

198 948 247 984 nus
260 929 341 983 sactus
358 935 414 986 est!
445 929 526 1000 Atqui
542 947 586 984 eos
597 947 693 994 omnes,
706 946 770 1000 quos
782 928 984 995 commemorari,

198 1007 230 1059 ris
240 1005 330 1059 studiis
339 1006 476 1075 flagrantes
485 1023 558 1060 senes
567 1005 684 1059 vidimus.
715 1006 755 1057 M.
765 1023 823 1059 vero
833 1004 984 1075 Cethegum,

198 1099 266 1150 poem
278 1085 346 1136 recte
358 1082 454 1136 Sinde
470 1082 610 1135 medullam
623 1081 687 1136 dixit
699 1081 804 1146 Ilnnius,
817 1085 912 1152 quouto
928 1087 984 1136 stu·

198 1157 233 1210 lio
246 1157 358 1211 exerceri
372 1157 400 1211 in
411 1156 517 1211 dicendo
529 1156 676 1211 videbamus
693 1158 770 1212 etiam
788 1162 890 1213 senem!
922 1158 985 1222 Quae

198 1236 252 1288 runt
264 1232 343 1303 igitur
355 1232 484 1301 epularum
500 1236 544 1287 aut
557 1233 674 1287 ludorum
687 1238 732 1286 aut
744 1237 885 1287 scortorum
898 1232 986 1303 volup·

198 1313 259 1362 rates
277 1308 393 1363 cumbis
412 1308 585 1378 voluptatibus
603 1307 793 1378 comparandus!
827 1308 914 1377 Atque
931 1308 985 1362 huc

198 1384 293 1455 quidem
314 1384 399 1438 studia
417 1385 553 1440 doctrine:
576 1403 632 1455 qure
651 1384 750 1455 quidem
770 1383 937 1454 prudentibus
958 1388 985 1439 et

198 1479 256 1516 nene
273 1461 400 1515 institutis
418 1462 513 1530 pariter
529 1479 589 1516 oum
607 1464 683 1515 aetate
701 1465 832 1526 creseuut;
851 1464 881 1513 ut
895 1459 986 1513 hones-

198 1556 249 1592 :nm
268 1536 331 1591 illud
352 1537 450 1591 Solonis
471 1536 513 1602 sit,
533 1536 601 1607 quod
622 1536 658 1591 ait
676 1535 800 1590 versiculo
821 1535 937 1606 quodem,
954 1539 985 1590 ut

201 1617 252 1666 inte
269 1612 330 1674 dixi,
342 1630 463 1666 senaecerc
479 1631 511 1678 se,
529 1615 612 1667 multa
630 1613 714 1667 indier
728 1612 916 1667 addiscentem:
935 1630 986 1685 qne

206 1688 323 1758 oluptate
335 1688 411 1742 animi
423 1687 492 1742 nulla
503 1692 573 1743 certe
584 1691 670 1758 potest
682 1706 738 1743 esse
749 1692 838 1758 major.

227 1763 289 1819 XV.
308 1763 391 1818 Venio
409 1782 477 1818 nnnc
495 1763 527 1817 ad
544 1764 689 1834 voluptates
707 1764 881 1834 agricolarum,
892 1763 1021 1833 quibuscr

216 1858 242 1910 qo
258 1839 438 1895 incredibiliter
456 1838 583 1905 delector3
605 1857 662 1909 quoe
679 1857 727 1894 nec
743 1840 796 1893 ulla
812 1839 985 1910 impediuntur

222 1919 332 1980 nectute,
346 1920 372 1970 et
388 1915 450 1968 mihi
465 1915 499 1969 ad
514 1915 634 1985 sepientis
647 1915 724 1970 vitum
742 1915 855 1984 proxime
867 1913 985 1968 videntur

226 1991 319 2047 were.
355 1990 459 2045 Habent
471 1991 538 2045 enim
549 1992 672 2046 rationem
684 2009 741 2046 cum
757 1996 831 2058 terro,
844 2008 900 2061 que
911 2007 983 2043 num·

231 2086 269 2122 unr
281 2071 383 2122 recusat
395 2067 535 2136 imperium,
547 2086 594 2123 neo
606 2085 725 2138 umquem
737 2067 792 2121 sine
804 2084 881 2120 usura
892 2064 983 2130 reddit,

236 2143 388 2212 ›duceepitt
407 2142 524 2197 sedulius
540 2143 644 2211 minore,
657 2142 804 2213 plerumque
820 2145 914 2212 majore
926 2159 985 2196 cum

241 2237 287 2274 ire.
324 2221 482 2289 Quamquam
498 2214 652 2290 nequidem
667 2236 719 2274 non
731 2219 830 2273 fructus
846 2217 928 2287 modo,
940 2217 985 2272 sed

246 2315 269 2350 m
287 2294 368 2366 ipsius
386 2299 460 2350 terroe
476 2295 515 2350 vis
533 2313 562 2350 sc
580 2300 673 2350 notura
689 2295 814 2350 delectet:
833 2314 889 2367 que
907 2312 985 2366 quum

251 2373 290 2427 nio
302 2371 400 2426 mollito
417 2389 446 2426 ao
462 2371 568 2426 subacto
580 2389 695 2442 sparsum
713 2389 800 2426 semen
815 2371 922 2443 excepit,
933 2371 986 2442 pri-

256 2469 263 2503 ι
279 2447 308 2502 id
324 2453 475 2502 ocoaecatum
494 2447 610 2515 cohibet;
633 2466 666 2503 ex
683 2466 733 2520 quo
751 2452 851 2514 occatio,
862 2467 919 2518 que
936 2448 985 2502 hoc

261 2529 277 2591 l,
289 2523 418 2579 nominato
429 2528 484 2579 est:
503 2523 593 2579 deinde
605 2524 760 2596 tepefactum
773 2542 865 2594 vapore
877 2527 903 2579 et
918 2541 985 2578 oom-

267 2619 284 2654 u
299 2618 346 2654 suo
363 2600 489 2666 diffundit,
504 2604 531 2654 et
547 2600 615 2656 elicit
629 2600 819 2656 herbescentem
836 2618 867 2654 ex
885 2617 915 2653 eo
926 2599 986 2653 viri-

272 2694 315 2729 m:
339 2693 404 2744 quse,
426 2677 486 2730 nixa
506 2675 575 2730 libris
596 2676 721 2746 stirpium,
742 2676 835 2730 sensim
856 2674 986 2739 adolescit,

278 2769 327 2822 que
336 2757 420 2806 erecta
432 2752 582 2822 geniculato,
593 2753 690 2823 vaginis
701 2751 752 2822 jum
763 2750 833 2821 quasi
846 2750 985 2820 pubescens

281 2827 332 2881 itur
340 2850 347 2893 ;
366 2827 484 2897 equibus
498 2847 576 2898 quum
591 2827 701 2891 emersit,
715 2827 799 2880 fundit
812 2826 910 2896 frugem
923 2825 988 2896 spici

297 2911 429 2973 structum,
442 2909 468 2960 et
480 2910 570 2960 contra
580 2905 665 2960 urium
681 2903 807 2959 minorum
820 2920 920 2958 morsus
932 2921 988 2958 mn·
