2575 3367
268 308 314 355 12⁰
559 307 608 355 DE
626 306 779 355 osricus

267 422 293 473 et
310 417 476 474 dissimulatio
491 418 563 473 dolus
582 419 663 473 mulus
681 421 728 482 est,
742 433 882 488 perpaucos·

267 495 359 561 quibus
377 513 428 549 uon
446 494 518 549 dolus
537 494 617 549 mulus
635 494 685 549 isis
696 497 828 549 versetur:
847 492 885 547 siv

266 575 307 625 est
323 570 352 636 is,
366 571 411 642 qui
426 570 538 643 prodest,
549 570 642 642 quibus
659 573 752 641 potest,
766 572 843 624 nooet
858 587 885 624 nr

265 646 343 702 istum
357 649 439 703 virum
454 647 548 703 bonum
564 664 617 700 non
628 645 701 700 isoilo
712 646 876 716 reperiemus.

267 727 307 777 ost
319 723 399 793 igitur
408 722 471 777 utile
482 740 594 793 peoosre,
605 722 665 793 quis
676 739 776 792 sempor
787 723 829 776 est
840 724 885 775 tur

267 816 367 868 semper
385 802 425 853 est
446 799 589 866 honestum,
608 799 690 853 vuum
711 797 803 853 bonum
822 815 880 853 esse

267 874 339 928 utile.

226 963 257 1009 tt
301 949 376 1004 XVI.
394 950 434 1004 Ao
445 949 477 1005 de
492 951 551 1022 juro
563 948 666 1021 quidem
683 948 835 1019 prediorum
853 966 885 1003 ss·

265 1042 319 1081 non
333 1030 374 1080 est
387 1027 446 1096 jure
458 1026 533 1092 civili,
545 1030 577 1080 ut
592 1027 620 1081 in
631 1025 664 1080 iis
676 1024 813 1081 vendendis
825 1024 885 1079 vitis

267 1119 325 1170 qus
339 1107 402 1155 noto
417 1106 504 1156 essent
517 1101 652 1157 venditori.
689 1101 765 1166 Nem,
778 1119 858 1172 quum
874 1118 885 1155 e

266 1177 385 1249 [tabuiis]
398 1178 459 1233 sotis
472 1181 540 1232 esset
552 1195 583 1231 es
594 1178 718 1247 prestari,
728 1195 783 1248 qum
795 1180 883 1230 essent

266 1258 375 1326 oupsta3
394 1272 451 1326 qum
464 1253 509 1325 qui
520 1253 645 1308 infitiatus
658 1258 733 1318 osset,
747 1252 818 1323 dupli
829 1270 885 1323 poen

266 1330 478 1402 njnreoonsultis
499 1329 575 1384 etism
595 1329 739 1407 retioentios
753 1347 827 1400 poens
847 1331 885 1384 ost

269 1409 407 1479 Quidquid
423 1408 495 1461 enim
510 1415 569 1460 osset
580 1407 613 1461 irs
627 1405 728 1475 proelio
740 1405 811 1472 sitii,
824 1405 855 1459 id
865 1421 885 1460 st

265 1484 384 1537 venditor
398 1485 481 1549 eoiret,
493 1483 551 1535 omi
566 1482 728 1535 nominatim
743 1481 836 1534 distem
851 1498 885 1534 css

226 1563 385 1625 ooopertus.
421 1557 467 1621 Ut,
481 1576 559 1627 quum
575 1557 601 1611 in
619 1574 677 1610 sroe
694 1556 829 1627 augurium
845 1574 885 1627 nup

265 1629 359 1689 essent,
379 1629 568 1697 jussmsentque
592 1626 620 1679 Τ.
640 1624 775 1680 Claudium
799 1624 884 1679 Contu

265 1700 332 1756 sodes
343 1702 371 1756 in
383 1701 460 1757 Caelio
472 1706 558 1756 monte
570 1701 688 1766 habebat,
701 1700 815 1757 demoliri
827 1718 864 1766 es,
878 1721 885 1757 i

265 1777 329 1833 tudo
350 1778 460 1833 officeret
481 1777 608 1848 auspiciis,
627 1777 750 1832 Claudius
771 1777 885 1848 proscrip

265 1855 394 1921 vendidit;
413 1855 475 1910 emit
493 1855 523 1909 P.
533 1853 687 1925 Calpurnius
704 1852 837 1907 Lanarius.
873 1853 885 1907 1

266 1931 372 2002 guribus
383 1931 445 1986 illud
457 1931 523 1986 idem
536 1929 713 1985 denuntiatum
726 1932 774 1984 est.
797 1929 885 1999 Itsque

267 2027 343 2079 quum
368 2007 502 2063 demolitus
526 2010 602 2072 esset,
622 2009 807 2077 cognossetque
828 2005 885 2059 Clnr

266 2089 356 2154 postes
368 2083 553 2154 proscripsisse,
567 2099 642 2151 quam
655 2080 768 2135 essetab
785 2081 885 2152 augurii

262 2162 359 2228 jussus,
368 2159 491 2214 arbitrum
503 2158 573 2213 illum
587 2156 680 2228 adegit,
689 2156 818 2228 quidquid
828 2156 881 2210 sibi

266 2244 387 2304 oporteret
398 2252 431 2289 eo
436 2235 493 2301 fido
504 2234 576 2288 bono.
602 2234 640 2286 M.
650 2232 715 2287 Cato
727 2232 878 2287 sententiam

267 2309 347 2362 nostri
366 2309 469 2363 Catonis
488 2313 574 2378 pater:
593 2313 624 2363 ut
641 2309 709 2364 enim
727 2309 805 2364 ceteri
823 2327 855 2363 ex
873 2327 885 2378 p

268 2385 310 2455 qui
322 2383 384 2438 iliud
396 2385 481 2440 lumen
493 2386 634 2456 progenuit,
648 2403 680 2440 ex
692 2385 743 2440 filio
759 2390 798 2439 est
814 2385 882 2439 nomi

267 2461 345 2533 igitur
364 2460 443 2531 judex
461 2461 499 2515 ito
519 2461 708 2532 pronuntiavit:
726 2480 808 2532 quum
826 2464 857 2515 in
877 2479 885 2513 r

266 2555 320 2590 rem
331 2555 383 2591 eam
398 2538 481 2591 scisset
496 2547 519 2591 et
530 2555 585 2591 oon
591 2539 790 2607 pronuntiasset
801 2546 885 2606 empto.

226 2633 255 2678 6?
266 2614 391 2683 praetori
401 2622 520 2683 oportere.
557 2614 626 2683 Ergo
639 2613 671 2667 sd
683 2612 757 2667 iidem
770 2612 859 2667 bouum
872 2631 885 2667 s

267 2707 334 2753 uere,
348 2694 435 2743 notum
448 2707 504 2744 esse
516 2689 624 2760 emptori
637 2689 734 2753 vitium,
749 2688 817 2759 quod
828 2707 885 2742 noss

268 2764 345 2821 Quod
357 2764 379 2819 si
391 2769 459 2820 reote
468 2764 600 2835 judicavit,
610 2782 662 2817 non
674 2769 742 2818 reete
755 2765 884 2818 frumento

268 2845 336 2893 rento
354 2839 444 2896 aedium
460 2839 633 2914 pestilentium
647 2840 763 2895 venditor
776 2841 864 2896 tacuit.
