2575 3367
433 325 482 375 DE
500 326 677 377 AMICITIA.
705 326 815 378 CARI.
987 329 1019 376 4³

225 438 280 491 tani
291 436 444 492 conveniens
459 436 492 492 ad
508 456 549 493 res
561 437 599 493 vel
613 437 737 492 secundas
748 437 789 492 vel
805 437 931 493 adversas.
967 438 1019 494 Sed
1029 443 1059 492 ta

225 513 275 568 hoc
294 514 403 582 primum
423 514 513 578 sentio,
533 514 583 568 nisi
601 515 629 569 in
649 514 722 569 bonis
743 515 877 568 amicitiam
895 533 951 569 esse
966 533 1019 571 non

225 605 316 658 posse:
335 607 418 659 neque
433 589 460 644 id
477 588 606 645 advirum
620 609 715 655 reseco,
728 594 759 645 ut
776 591 820 655 illi,
834 591 877 661 qui
893 591 947 645 haec
959 592 1018 646 sub-

224 665 296 720 tilius
314 665 450 730 disserunt,
463 667 572 722 fortasse
583 685 651 732 vere,
668 667 713 722 sed
728 667 760 721 ad
776 685 933 722 communem
950 669 1018 722 utili·

224 745 304 795 tatem
326 760 429 811 parum:
448 748 543 813 negant
563 746 629 799 enim
652 762 804 814 quemquam
824 745 906 798 virum
922 744 1017 799 bonum

224 835 288 884 esse,
300 818 349 872 nisi
361 819 510 888 sapientem.
547 820 587 874 Sit
599 821 636 874 ita
648 838 724 875 sane:
744 822 788 875 sed
801 839 855 876 eam
868 822 1017 890 sapientiam

223 895 431 965 interpretantur,
446 914 521 966 quarn
538 896 621 951 adhuc
632 897 746 951 mortalis
757 915 832 952 nemo
843 902 884 952 est
896 916 1017 953 consecu-

222 975 275 1025 tus.
312 972 368 1026 Nos
380 977 466 1026 autern
478 991 515 1038 ea,
525 991 581 1044 quae
592 978 654 1027 sunt
666 973 693 1027 in
703 992 754 1028 usu
765 974 868 1045 vitaque
879 975 1015 1042 communi,

222 1064 275 1101 non
286 1065 323 1112 ea,
337 1066 393 1118 quas
404 1049 537 1119 finguntur
553 1054 598 1103 aut
614 1053 744 1119 optantur,
758 1057 872 1120 spectare
885 1051 1015 1109 debemus.

222 1125 369 1194 Numquam
388 1143 436 1196 ego
457 1124 546 1190 dicam,
566 1126 593 1180 0.
606 1125 759 1191 Fabricium,
783 1127 830 1181 M’.
843 1127 954 1194 Curium,
974 1129 1014 1183 ui.

222 1202 419 1267 Coruncanium,
433 1221 496 1272 quos
508 1203 635 1273 sapientes
648 1204 730 1258 nostri
741 1203 848 1272 majores
856 1205 1013 1275 judicabant,

221 1277 255 1332 ad
265 1279 373 1333 istorum
382 1297 495 1333 normam
507 1279 586 1334 fuisse
595 1280 731 1350 sapientes.
751 1280 838 1338 Quare
845 1281 894 1335 sibi
905 1281 1014 1338 habeant

221 1354 353 1423 sapientia
361 1373 454 1410 nomen
463 1361 489 1410 et
498 1356 650 1410 invidiosum
661 1360 687 1411 et
697 1356 848 1423 obscurum3
867 1357 1014 1427 concedant,

220 1435 251 1483 ut
264 1431 291 1485 hi
305 1431 363 1486 boni
382 1433 431 1487 viri
449 1433 551 1487 fuerint.
587 1433 630 1488 Ne
645 1433 673 1488 id
687 1432 790 1504 quidem
807 1434 918 1489 facient:
936 1453 1013 1506 nega·

220 1506 286 1561 bunt
305 1508 338 1576 id,
356 1510 406 1563 nisi
423 1510 538 1580 sapienti,
558 1528 632 1581 posse
650 1510 761 1565 concedi.
802 1514 916 1582 Agamus
933 1500 1054 1582 igitur‘l‘t

218 1585 321 1654 piapci
331 1586 460 1651 Mimans,
478 1590 508 1641 ut
525 1587 604 1641 aiunt.
641 1587 695 1647 Qui
711 1587 748 1642 ita
762 1605 790 1642 se
807 1591 908 1659 gerunt,
922 1589 959 1643 ita
974 1589 1013 1644 vi·

219 1668 291 1725 vunt,
302 1666 333 1716 ut
342 1680 429 1716 eorum
438 1663 560 1734 probetur
568 1663 638 1730 fides,
646 1665 789 1736 integritas,
799 1665 913 1736 aequitas,
923 1665 1013 1721 libere·

219 1737 286 1802 litas,
299 1756 346 1793 nec
362 1740 435 1793 sitin
451 1739 488 1794 eis
505 1740 556 1794 ulla
568 1740 694 1810 cupiditas
706 1741 747 1794 vel
758 1740 835 1795 libido
847 1741 887 1795 vel
899 1741 1010 1808 andacia,

218 1814 321 1884 sintque
333 1833 425 1885 magna
437 1816 586 1881 constantia,
599 1821 630 1870 ut
646 1817 665 1871 ii
680 1816 792 1882 fuerunt,
804 1817 879 1872 modo
891 1835 954 1887 quos
966 1835 1012 1872 no-

217 1891 329 1957 minavi3
347 1892 394 1946 hos
412 1893 480 1947 viros
495 1891 583 1960 bonos,
596 1896 627 1947 ut
644 1892 725 1946 habiti
740 1897 807 1958 sunt,
821 1893 857 1948 sic
873 1893 949 1947 etiam
967 1911 1012 1964 ap-

217 1967 348 2038 pellandos
368 1972 497 2038 putemus,
514 1969 574 2039 quia
590 1973 738 2038 sequantur,
756 1972 878 2038 quantum
897 1969 1011 2024 homines

217 2048 334 2114 possunt,
347 2046 621 2116 naturam-optimam
640 2045 704 2100 bene
716 2045 817 2099 vivendi
834 2046 931 2099 ducem.
967 2047 1011 2102 stc

217 2121 284 2174 enim
297 2121 360 2174 mihi
372 2123 514 2192 perspicere
524 2121 619 2189 videor,
631 2122 669 2176 ita
679 2126 754 2176 natos
766 2139 887 2186 essenos,
901 2125 931 2175 ut
943 2122 1011 2177 inter

216 2214 305 2252 omnes
318 2202 385 2252 esset
398 2198 507 2252 societas
516 2198 644 2269 quadarn:
664 2203 745 2269 major
757 2205 850 2263 autem,
859 2203 890 2252 ut
902 2199 1009 2270 quisque

216 2275 332 2344 proxime
348 2273 487 2328 accederet.
525 2276 616 2345 Itaque
631 2275 699 2329 cives
714 2275 833 2345 potiores,
846 2293 921 2346 quam
937 2294 1010 2346 pere·

215 2350 295 2421 grini;
314 2351 456 2422 propinqui,
470 2368 545 2420 quam
557 2352 648 2406 alieni:
667 2369 724 2406 cum
742 2352 782 2406 his
795 2353 860 2407 enim
874 2353 1009 2409 amicitiam

216 2432 309 2482 natura
326 2427 382 2495 ipsa
395 2428 494 2496 peperit
503 2449 510 2493 ;
530 2427 574 2483 sed
592 2447 623 2483 ea
640 2446 691 2482 non
710 2429 772 2483 satis
785 2429 861 2484 lrabet
873 2430 1008 2486 firmitatis.

216 2504 336 2574 Namque
355 2503 403 2557 hoc
420 2507 525 2573 proestat
546 2505 657 2559 amicitia
676 2505 867 2576 propinquitati,
887 2506 955 2576 quod
976 2524 1009 2562 ex

214 2580 406 2651 propinquitate
423 2579 599 2636 benevolentia
610 2581 667 2635 tolli
683 2586 778 2650 potest,
790 2601 821 2635 ex
834 2582 944 2635 amicitia
956 2600 1008 2637 non

214 2661 318 2727 potest:
337 2655 438 2711 sublata
451 2656 518 2712 enim
535 2657 711 2713 benevolentia
726 2658 843 2713 amicitiae
855 2675 945 2711 nomen
958 2658 1007 2713 tol-

213 2735 283 2798 litur,
306 2733 503 2803 propinquitatis
524 2738 617 2789 manet.
654 2734 759 2794 Quanta
780 2740 865 2787 autem
886 2734 924 2787 vis
946 2734 1047 2793 ami-20

213 2811 280 2867 ciliae
293 2809 334 2874 sit,
345 2827 378 2864 ex
389 2809 437 2865 hoc
449 2811 556 2882 intelligi
565 2812 674 2866 maxime
686 2815 778 2881 potest,
788 2810 855 2881 quod
865 2829 896 2864 ex
909 2811 1007 2866 infinita

213 2888 336 2944 societate
347 2886 448 2958 generis
463 2887 575 2954 humani,
588 2904 665 2959 quarn
681 2886 824 2942 conciliavit
840 2888 895 2958 ipsa
906 2891 1006 2955 natura,
