2575 3367
274 315 308 363 12
561 312 610 359 DE
628 309 781 360 OFFICHS

269 409 484 481 copationibnsve
507 409 545 464 sic
567 409 748 480 impediuntur,
772 413 802 463 ut
825 426 877 473 eos,
900 427 966 480 quos
989 410 1068 464 tutari

276 486 392 551 debeant,
406 486 519 541 desertos
531 504 587 541 esse
599 486 735 556 patiantur.
765 483 858 556 Itaque
870 485 1008 540 ridendum
1020 491 1066 551 est,

275 581 308 617 nc
325 581 377 617 non
394 563 457 617 sutis
475 563 509 617 sit
526 562 560 629 id,
573 561 640 632 quod
657 561 725 632 apud
740 560 873 616 Platonem
889 565 929 616 est
945 562 974 616 in
989 562 1067 633 philo·

276 639 369 709 sophos
385 639 497 694 dictum:
519 637 587 708 quod
603 639 631 692 in
645 638 700 693 veri
714 637 910 708 investigatione
924 644 1065 705 uersentur,

276 716 394 786 quodque
405 733 442 781 ea,
456 733 512 785 quae
524 714 637 785 plerique
649 715 812 769 vehementer
823 718 956 784 expetunt,
969 715 1002 770 de
1014 715 1067 786 qui·

267 791 324 845 'bus
336 792 403 856 inter
410 809 442 845 se
454 790 586 860 digladiari
600 791 690 856 solent,
703 794 867 844 contemnant
882 793 909 844 et
925 808 973 860 pro
988 790 1066 846 nihilo

276 869 378 931 ducant,
398 870 532 937 propterea
546 866 631 935 justos
650 885 713 921 esse.
749 866 818 920 Nam
835 866 943 931 alterum
958 866 1067 936 justitio

266 960 355 1012 genus
367 946 544 1012 assequuntur,
554 942 605 1012 [in]
614 941 745 997 inferenda
751 960 784 997 ne
796 942 837 997 cni
846 945 954 997 noceant
961 943 1065 1013 injurias

274 1019 301 1072 in
313 1018 420 1073 alterum
429 1016 559 1083 incidunt;
572 1017 685 1073 discendi
697 1019 764 1073 enim
772 1018 858 1073 studio
867 1018 991 1089 impediti,
1002 1037 1066 1090 quos

274 1093 341 1148 tueri
353 1093 453 1157 debent,
467 1093 594 1148 deserunt.
631 1095 724 1166 Itaque
736 1113 779 1150 eos
795 1094 827 1149 ad
841 1094 1022 1165 rempublicam
1034 1114 1066 1152 ns

274 1187 419 1224 accessuros
431 1168 533 1240 quidem
545 1173 627 1240 putat,
640 1170 691 1226 nisi
705 1174 815 1226 coactos.
850 1171 962 1242 AEquius
979 1177 1065 1229 autera

274 1249 329 1300 crat
341 1245 366 1300 id
379 1246 510 1301 voluntate
521 1246 584 1301 heri.
620 1247 688 1301 Nam
700 1247 749 1302 hoc
759 1247 843 1316 ipsum
855 1246 892 1300 ita
900 1251 1001 1317 justum
1014 1253 1062 1314 est,

227 1340 265 1387 529
275 1321 342 1393 quod
353 1322 423 1378 recte
435 1323 471 1387 fit,
485 1321 507 1377 si
519 1326 558 1376 est
571 1322 749 1378 voluntarium.
786 1323 852 1377 Sunt
864 1323 949 1388 etiam,
963 1325 1007 1395 qui
1019 1330 1064 1380 aut

273 1399 359 1454 studio
371 1400 408 1455 rei
419 1399 547 1454 familiaris
556 1399 666 1463 tuendae,
677 1404 721 1454 aut
734 1397 791 1453 odio
803 1399 913 1468 quodam
924 1399 1063 1467 hominum,

273 1494 347 1530 suum
360 1494 388 1530 se
399 1477 530 1546 negotium
540 1493 614 1546 agere
626 1475 719 1539 dicant,
729 1493 761 1530 ne
773 1475 856 1529 facere
867 1475 985 1546 cuiquam
994 1477 1064 1534 vido-

274 1555 350 1606 antur
363 1551 494 1622 injurium:
514 1551 558 1622 qui
574 1551 653 1606 altero
668 1569 761 1623 genere
776 1550 910 1622 injustitie
923 1557 1023 1619 vacant,
1035 1554 1064 1609 in

273 1623 381 1682 alterum
404 1627 543 1682 incurrunt.
578 1627 709 1682 Deserunt
732 1626 799 1681 enim
822 1627 881 1682 vitae
905 1629 1061 1695 societatem,

267 1703 333 1774 quia
349 1702 413 1758 nihil
430 1704 564 1760 conferunt
582 1703 610 1758 in
630 1722 685 1759 earn
704 1702 790 1767 studii,
808 1702 872 1757 nihil
891 1721 981 1775 operae,
999 1705 1063 1761 nihil

273 1780 379 1834 facultat
368 1785 430 1834 t.um

308 1856 459 1916 Quoniam·
450 1857 498 1927 igit
499 1875 537 1922 ur,
555 1856 654 1912 duobus
671 1854 805 1925 generibus
820 1854 932 1944 injustit
924 1875 955 1911 1ae
973 1875 1062 1929 propo-

273 1933 306 1987 sit
307 1933 338 1998 is,
353 1932 513 2021 adjunximus
531 1951 620 1988 causas
636 1933 770 2019 utriusque
787 1932 894 2002 generis,
909 1950 1002 2002 casque
1020 1953 1061 1990 res

265 2013 332 2064 ante
347 2009 533 2074 constituimus,
548 2009 639 2080 quibus
653 2008 755 2079 justitia
770 2009 957 2063 contineretur:
979 2008 1061 2098 facilc,

237 2084 341 2155 quod
361 2086 484 2156 cujusque
504 2085 626 2156 temporis
647 2085 756 2140 officium
779 2085 821 2150 sit,
842 2084 989 2170 poterimus,
1011 2086 1061 2144 nisi

228 2171 264 2215 30
273 2162 440 2232 nosmetipsos
453 2161 524 2216 valde
541 2162 687 2230 amabimus,
698 2160 818 2232 judicare.
853 2159 902 2214 nst
917 2158 983 2213 enim
996 2159 1060 2214 diffi-

271 2237 325 2290 cilis
346 2255 511 2292 curararum
531 2237 677 2292 alienarum
713 2237 872 2307 Quamquam
891 2235 1058 2289 Terentianus

270 2312 312 2366 illc
328 2312 448 2367 Chremes
465 2314 565 2366 humani
579 2315 645 2366 nihil
659 2332 676 2367 a
691 2331 717 2367 se
731 2316 837 2368 alienum
847 2330 885 2381 pu
886 2314 939 2364 lat:
960 2309 1059 2365 sedta-

270 2407 335 2454 men,
354 2387 413 2458 quia
432 2387 513 2459 magis
534 2406 564 2443 ea
583 2389 736 2459 percipimus
754 2394 831 2462 atque
851 2386 983 2451 sentimus,
1003 2407 1059 2458 quae

264 2464 343 2520 -uobis
354 2463 417 2534 ipsis
429 2468 473 2518 aut
486 2482 605 2535 prospera
616 2470 661 2520 aut
670 2466 776 2520 adversa
784 2465 913 2530 eveniunt,
924 2483 997 2535 quarn
1008 2463 1059 2531 illa‚‘

270 2559 327 2610 quoe
336 2540 442 2607 ceteris3
458 2559 521 2610 quae,
530 2540 602 2611 quasi
611 2541 687 2611 longo
695 2542 828 2597 intervallo
840 2543 982 2613 interjecto
991 2542 1059 2598 ride-

269 2636 341 2673 mus:
360 2617 433 2673 aliter
448 2617 479 2672 de
494 2616 551 2682 illis,
564 2634 594 2671 ac
609 2616 641 2670 de
656 2617 730 2671 nobis
745 2619 897 2689 judicamus.
933 2619 1060 2679 Quocirca

269 2693 333 2749 beno
360 2694 518 2765 precipiunt,
539 2694 583 2764 qui
605 2696 694 2746 vetant
720 2695 858 2765 quidquam
887 2713 969 2766 agere,
992 2697 1060 2767 quod

269 2769 377 2837 dubites,
393 2789 492 2842 aequum
511 2770 545 2825 sit
563 2787 596 2822 an
612 2768 735 2838 iniquum.
770 2772 890 2841 AEquitas
908 2772 974 2826 enim
990 2771 1059 2828 lucet

268 2845 324 2918 ipsa
335 2863 380 2916 per
392 2864 436 2903 ses
455 2845 580 2902 dubitatio
593 2843 774 2922 cogitationem
786 2847 912 2918 significat
924 2848 1031 2918 injuria.
