2575 3367
296 321 328 368 aa
623 318 759 367 amarus
835 306 845 323 ·

297 429 438 486 dissuenda
452 429 540 501 magis,
556 447 631 500 quam
644 430 827 496 discindendae3
846 429 896 484 nisi
912 430 1027 500 quadam
1043 428 1082 484 ad·

297 506 399 560 modum
415 506 580 561 intolerabilis
596 507 690 576 injuria
701 507 832 570 exarserit,
843 509 874 560 ut
889 524 973 577 neque
989 511 1082 561 rectum

297 599 380 652 neque
397 583 531 637 honestum
552 583 685 653 sitneque
702 583 758 637 fien'
773 582 862 652 possit,
878 585 909 636 ut
927 599 979 636 non
1000 583 1082 636 statim

258 668 288 720 77
298 657 415 714 alienatio
427 658 613 729 disjunctioque
624 658 740 712 iacienda
755 658 797 712 sit.
832 657 878 712 Sin
889 662 975 711 autem
988 675 1082 712 morum

297 739 342 788 aut
355 733 496 790 studiorum
508 735 673 789 commutatio
685 733 807 804 quasdam,
819 738 849 787 ut
861 732 917 787 fieri
933 732 1007 798 solet,
1020 734 1082 788 facta

297 811 353 874 crit,
368 815 412 865 aut
428 811 454 865 in
470 810 615 880 reipublieae
631 811 747 880 partibus
759 809 882 864 dissensio
897 808 1080 864 intercesserit:

297 885 399 955 (loquor
414 886 481 940 enim
493 888 555 954 jam,
573 890 603 939 ut
620 886 706 956 paullo
722 891 781 940 ante
793 884 854 950 dixi,
871 902 923 939 uon
939 884 971 940 de
989 886 1083 955 sapien-

296 961 369 1024 tium,
383 960 429 1014 sed
440 961 473 1014 da
484 961 660 1016 communibus
676 961 792 1015 amicitiis
801 962 820 1028 ε)
833 959 973 1014 cavendum
985 962 1041 1025 erit,
1053 978 1082 1014 ue

296 1054 348 1090 non
364 1036 444 1090 solum
457 1036 574 1091 amicitiae
586 1037 715 1108 depositas,
729 1036 774 1090 sed
791 1035 929 1090 inimicitiae
940 1035 1019 1090 etiam
1030 1055 1082 1091 sus·

296 1116 378 1180 ceptae
396 1111 536 1167 videantur.
572 1112 646 1167 Nihil
666 1114 734 1168 enim
754 1112 863 1181 turpius,
883 1129 960 1182 quam
980 1129 1038 1166 cum
1054 1129 1083 1166 eo

296 1186 388 1241 bellum
401 1205 496 1259 gerere,
510 1187 612 1259 quicum
623 1188 781 1243 familiariter
792 1186 893 1241 vixeris.
918 1186 960 1242 Ab
976 1187 1083 1242 amicitia

296 1263 329 1321 Q.
340 1264 454 1332 Pompeii
465 1282 521 1319 meo
533 1265 633 1319 nomine
645 1283 673 1319 se
685 1267 833 1327 removerat,
847 1266 877 1317 ut
893 1263 973 1329 scitis,
987 1264 1082 1334 Scipio;

295 1345 399 1408 propter
411 1340 592 1395 dissensionem
603 1344 698 1408 autem,
708 1358 764 1411 quaa
773 1342 828 1393 erat
839 1339 867 1392 iu
878 1338 1017 1408 republica,
1027 1339 1083 1394 clie-

295 1420 371 1469 natus
392 1421 432 1471 est
453 1434 468 1470 a
488 1415 585 1485 collega
605 1421 694 1471 nostro
715 1415 830 1470 Metello.
866 1415 1013 1485 Utrumque
1032 1415 1083 1486 egit

295 1492 414 1559 graviter,
436 1493 588 1547 auctoritate
608 1497 635 1546 et
656 1492 795 1547 offensione
816 1490 893 1544 animi
914 1508 967 1544 non
987 1490 1082 1545 acerba

254 1564 268 1615 7
272 1567 286 1611 8
296 1566 466 1622 Quamobrem
479 1567 588 1637 primum
598 1567 681 1622 danda
692 1585 768 1638 opera
780 1570 827 1631 est,
840 1584 873 1620 ne
885 1584 935 1636 qua
946 1566 1082 1621 amicorum

294 1640 399 1694 discidia
419 1642 495 1696 itant:
521 1643 561 1696 sin
579 1643 631 1697 tale
649 1643 744 1714 aliquid
761 1643 881 1706 evenerit,
900 1646 930 1696 ut
951 1642 1082 1696 exstinctae

294 1717 380 1784 potius
398 1717 521 1781 amicitias,
543 1736 617 1788 quam
636 1736 763 1789 oppressa
781 1736 837 1772 esso
858 1716 999 1772 videantur.
1036 1718 1082 1771 Oa·

294 1792 403 1846 sendum
415 1811 483 1858 vero,
496 1794 616 1849 ucetiam
633 1794 661 1849 in
672 1812 762 1865 graves
773 1793 918 1848 inimicitias
934 1797 1081 1848 convertant

294 1886 322 1922 se
340 1870 472 1925 amicitiae:
493 1888 525 1924 ex
544 1869 636 1941 quibus
651 1870 746 1940 jurgia,
765 1869 906 1933 maledictu,
924 1869 1081 1924 contumelia

293 1945 442 2013 gignuntur.
479 1946 545 2004 Qua
562 1950 649 1999 tamen
666 1945 690 1999 si
709 1944 854 2000 tolerabiles
871 1948 956 2012 erunt,
974 1945 1081 2000 ferenda

294 2027 369 2075 eunt:
388 2026 415 2076 et
426 2021 468 2076 hic
479 2022 559 2076 honos
571 2021 652 2076 veteri
664 2021 781 2077 amicitiae
792 2019 943 2075 tribuendus
955 2026 1003 2088 cst,
1015 2024 1046 2075 ut
1060 2021 1081 2074 is

292 2095 319 2148 in
332 2095 406 2167 eulpa
418 2097 459 2162 eit,
473 2097 517 2168 qui
529 2097 677 2163 sociatum
689 2097 731 2167 qui
744 2097 856 2167 patiatur
867 2096 995 2166 injuriam.

328 2173 436 2226 Omnino
457 2174 568 2228 omnium
592 2173 683 2227 horum
704 2173 823 2228 vitiorum
845 2175 923 2242 atque
946 2173 1081 2228 incommo-

292 2244 381 2299 dorum
398 2265 448 2301 una
464 2250 549 2303 cautio
565 2252 605 2303 cst
623 2257 700 2318 atqua
717 2266 769 2302 une
785 2248 903 2318 prorisio,
916 2250 947 2301 ut
959 2266 992 2302 ne
1007 2248 1080 2303 nimis

253 2324 283 2376 79
293 2320 344 2373 cito
360 2320 464 2389 diligere
480 2324 602 2394 incipiant
619 2342 682 2378 neve
698 2342 750 2378 non
765 2323 862 2393 dignos.
898 2324 979 2393 Digni
997 2328 1079 2377 autem

292 2399 352 2448 sunt
365 2396 481 2460 amicitia,
492 2397 583 2468 quibus
595 2400 622 2453 in
634 2400 696 2470 ipsis
708 2401 774 2454 inest
787 2416 869 2462 causa,
879 2416 926 2452 cur
934 2399 1078 2468 diligantur.

292 2471 388 2525 Rarum
410 2477 506 2542 genus!
532 2478 559 2528 et
581 2474 682 2544 quidem
703 2475 788 2530 omnia
810 2472 929 2544 praeclara
950 2493 1015 2541 rara,
1035 2491 1079 2527 neo

292 2548 428 2617 quidquam
447 2548 578 2615 difficilius,
596 2568 671 2621 quam
688 2551 805 2621 reperire,
824 2549 892 2620 quod
910 2549 945 2603 sit
963 2551 1079 2605 omnies

291 2630 362 2692 parte
375 2626 401 2678 in
413 2645 459 2681 suo
471 2645 563 2696 genere
579 2628 729 2697 perlectum.
766 2627 816 2681 Sed
831 2626 945 2697 plerique
956 2645 1039 2696 nsque
1055 2627 1078 2680 in

290 2700 365 2753 rebus
378 2700 493 2755 humanis
503 2703 637 2772 quidquam
653 2703 746 2757 bonum
760 2704 862 2766 minant,
874 2702 924 2756 nisi
936 2703 1005 2772 quod
1015 2703 1079 2756 truc

290 2780 391 2827 tuosum
411 2777 452 2839 sit,
472 2781 498 2830 et
516 2778 616 2841 amieos,
636 2783 764 2847 tamquam
783 2776 899 2846 pecudes,
918 2795 963 2832 eos
981 2777 1078 2848 potissi·

283 2867 355 2904 mum
369 2849 487 2923 diligunt,
500 2869 531 2906 ex
544 2852 635 2922 quibus
653 2858 757 2922 sperant
774 2872 802 2906 se
818 2853 955 2907 maximum
968 2854 1077 2910 fructum
