2575 3367
170 237 221 401 :ll
381 313 413 366 ro
671 314 720 363 nn
738 315 892 364 osricus

382 442 457 494 qnam
476 425 608 480 interitum
628 425 731 497 [talem]
751 427 849 498 elingit.
893 425 981 480 Malus
1002 426 1069 480 enim
1092 443 1130 481 cnr

382 502 558 557 diuturnitatis
573 508 673 570 metus3
692 508 830 575 contraque
847 503 1024 558 benevolentia
1040 503 1122 558 fidelis

342 579 414 632 24ad
433 581 638 650 perpetuitatem.
676 581 727 635 Sed
746 581 786 647 iis,
806 581 850 652 qni
871 581 897 636 vi
916 598 1052 651 oppressos
1074 581 1130 652 imp

382 662 507 723 coercent,
518 658 552 712 sit
564 675 625 712 sane
637 657 779 712 adhibenda
790 658 894 722 saevitia,
903 662 934 711 ut
941 657 1010 712 heris
1022 658 1050 712 in
1061 658 1130 712 famu

382 733 404 787 si
416 733 490 788 aliter
501 735 583 789 teneri
594 753 647 788 non
659 739 782 805 possunt:
801 734 844 806 qni
861 751 921 788 rero
936 734 964 788 in
978 734 1060 789 libera
1076 734 1130 790 cirir

382 809 419 863 ita
430 828 458 864 se
474 811 613 880 instruunt,
625 816 655 865 ut
673 815 828 880 metuantur,
839 811 871 866 iis
883 810 946 865 nihil
962 815 1050 881 potest
1062 830 1121 867 esse

382 887 501 943 mentius.
538 888 659 953 Quamvis
678 888 744 942 enim
764 888 817 942 sint
837 887 959 942 demersae
980 887 1051 959 leges
1072 889 1130 944 alica

381 962 479 1030 opibus,
493 965 607 1034 quamvis
618 965 749 1020 timefacta
759 965 872 1033 libertas,
884 970 1018 1035 emergrmt
1030 966 1130 1020 tamen}

382 1039 516 1109 aliqnando
536 1045 581 1096 aut
597 1042 702 1112 judiciis
721 1042 815 1106 tacitis,
836 1046 882 1096 aut
901 1041 1009 1096 occultis
1030 1041 1063 1096 de
1084 1042 1130 1097 bor

383 1117 518 1188 suffragiis.
564 1120 683 1174 Acriores
707 1123 792 1174 antem
816 1137 916 1174 morsus
941 1123 1003 1173 snnt
1027 1118 1130 1189 intempi

383 1192 516 1261 libertatis,
529 1214 604 1266 qnam
621 1201 736 1251 retenta.
772 1195 850 1254 Quod
861 1196 941 1266 igitur
956 1194 1082 1251 latissime
1101 1215 1130 1266 pa

383 1289 465 1342 neque
484 1273 516 1327 ad
536 1273 736 1328 incolumitatem
754 1271 844 1338 solum,
863 1271 1002 1327 sedetiam
1021 1273 1053 1327 ad
1072 1292 1130 1344 oper

383 1351 523 1418 potentiam
541 1350 608 1405 valet
625 1349 770 1419 plurimum,
787 1348 815 1403 id
834 1348 1025 1418 amplectamur,
1044 1353 1077 1404 ut
1095 1369 1130 1405 mr

384 1426 458 1492 absit,
471 1427 563 1481 caritas
575 1427 724 1481 retineatur.
755 1427 798 1479 Ita
809 1426 933 1490 facillime,
946 1443 1003 1496 qna
1015 1425 1130 1481 volemus

383 1503 488 1571 privatis
500 1505 527 1558 in
538 1504 614 1558 rebus
626 1509 653 1558 et
665 1503 692 1557 in
703 1502 831 1573 republica
842 1520 1034 1573 consequemur.
1065 1503 1130 1558 Etan

384 1579 427 1649 qui
446 1598 473 1634 se
491 1580 571 1634 metui
587 1580 682 1648 volent,
700 1599 715 1635 a
732 1579 824 1650 quibus
841 1583 994 1643 metnentnr,
1008 1579 1130 1634 cosdem]

344 1662 375 1708 25
384 1660 459 1711 tuant
467 1657 515 1726 ipsi
524 1675 628 1712 necesse
640 1661 689 1712 est.
715 1656 786 1717 Quid
798 1657 864 1712 enim
875 1674 1008 1712 censemus
1018 1657 1130 1727 superior

385 1734 454 1788 illnm
467 1735 625 1807 Dionysium,
638 1753 690 1806 qno
701 1735 816 1790 cruciatu
827 1734 925 1788 timoris
937 1732 996 1804 angi
1008 1733 1121 1799 solitum,

384 1811 479 1868 cultros
496 1818 613 1867 metuens
630 1812 758 1868 tonsorios
776 1810 901 1866 candente
921 1810 1030 1864 carbone
1048 1811 1130 1866 sibia

383 1891 456 1945 rebat
477 1890 614 1960 capillum?
644 1888 735 1949 Quid?
770 1887 943 1943 Alexandrum
965 1887 1109 1955 Pheraeum,
1128 1911 1130 1938 ι

384 1969 467 2022 animo
486 1968 579 2023 vixisse
599 1967 772 2022 arbitramur?
797 1965 847 2036 qni,
867 1967 897 2018 nt
916 1964 1039 2034 scriptum
1060 1965 1130 2036 legin

383 2063 460 2115 quum
482 2064 586 2101 uxorem
607 2043 710 2099 Thebon
734 2042 867 2097 admodum
889 2041 1013 2112 diligeret,
1034 2045 1123 2097 tumen

383 2140 437 2176 cam
450 2141 481 2176 ex
494 2123 574 2192 epulis
592 2122 619 2176 in
634 2120 777 2176 cubiculum
795 2120 904 2184 veniens,
917 2117 1061 2183 barbamm,
1075 2125 1102 2174 et
1119 2139 1130 2175 s

383 2198 492 2270 quidem,
510 2203 541 2252 nt
559 2199 682 2268 scriptum
702 2202 749 2262 est,
768 2201 948 2266 compunctum
965 2195 1034 2249 notis
1052 2196 1130 2251 Thrac

383 2275 505 2329 destricto
525 2274 610 2346 gladio
630 2274 738 2344 jubebat
762 2274 873 2339 anteire3
902 2273 1124 2345 promittebatque

383 2351 548 2421 stipatoribus
561 2351 621 2416 suis,
635 2351 678 2422 qni
691 2355 867 2405 scrutarentur
882 2350 980 2405 arculas
991 2350 1129 2406 muliebres

382 2428 493 2499 nequod
506 2429 532 2483 in
545 2428 703 2482 vestimentis
718 2428 889 2483 occultaretur
904 2427 991 2492 telum,
1005 2428 1130 2497 exquirent

382 2505 549 2570 Omiseram,
563 2504 607 2575 qui
624 2503 760 2559 fideliorem
779 2508 805 2558 et
823 2503 957 2558 barbarum
976 2507 1003 2558 et
1020 2504 1130 2574 stigmat:

381 2587 492 2652 putaret,
506 2601 579 2655 quam
593 2581 742 2651 conjugem!
774 2581 901 2635 Neceum
914 2580 1012 2634 ielellit.
1040 2582 1126 2635 Abea

381 2661 447 2714 enim
467 2661 523 2731 ipsa
547 2663 650 2729 propter
673 2657 805 2729 pellicatus
829 2659 996 2728 suspicionem
1017 2657 1130 2714 interfeci

381 2737 439 2791 Nec
446 2756 506 2791 vero
518 2737 569 2791 nlla
578 2739 616 2791 vis
625 2735 724 2806 imperii
735 2739 809 2788 tanta
819 2739 867 2799 est,
879 2754 942 2804 qrroe,
951 2740 1083 2804 premente
1096 2755 1130 2790 mr

341 2820 371 2864 26
381 2813 462 2881 possit
481 2832 537 2867 esse
558 2815 685 2867 diuturna
721 2811 806 2865 Testis
830 2816 871 2864 est
895 2811 1016 2877 Phalaris,
1037 2813 1112 2880 cnjus

374 2895 473 2958 prater
485 2894 583 2944 ceteros
594 2889 728 2944 nobilitata
739 2887 891 2954 crudelitas3
910 2888 954 2959 qui
965 2906 1017 2942 non
1032 2906 1065 2943 ex
1077 2889 1130 2945 insi
