2575 3367
373 347 420 395 nn
439 327 658 396 sunacnunn.
676 327 762 398 'cun
778 353 801 408 e,
819 352 841 401 a.
977 331 1005 400 ii

216 455 336 527 agricola,
346 457 459 527 quamvis
469 474 553 521 senex,
565 458 695 528 quaerenti,
705 458 748 512 eui
755 462 830 524 serat,
841 460 1007 530 respondere:

214 534 268 587 dtis
285 533 483 596 immortalitas,
501 534 548 603 qui
567 551 608 586 me
623 551 678 587 nen
696 535 808 602 accipere
824 536 898 590 moda
918 537 971 592 tae
990 555 1008 591 a

214 608 361 678 majoribus
372 611 516 674 nolierunt,
528 608 573 663 sed
582 612 660 663 etiam
670 611 779 680 poneret
788 611 902 681 prodere.

251 684 332 739 VIII.
356 683 450 739 Melius
472 684 589 739 Caeeilius
610 683 642 739 de
662 703 723 740 sene
743 685 817 742 alteri
837 687 929 742 saeculo
950 705 1008 758 pro-

214 759 347 831 spiciente,
360 778 435 831 quam
447 759 510 814 illud
521 759 603 815 idem:

218 927 221 932 Ι
275 864 365 924 Εᾱορόῐ
375 869 487 920 senectus,
496 864 517 912 si
527 866 561 912 nil
570 867 695 926 quidquam
705 867 771 914 aliud
781 867 827 915 viti

273 931 389 989 Apportas
398 937 482 985 tecum,
492 945 563 990 quum
573 932 683 986 advenisz
699 947 772 978 unum
779 933 805 979 id
815 939 852 979 sat
861 939 905 989 est,

227 996 237 1022 '·
275 995 350 1050 Quod,
359 995 403 1041 diu
410 996 511 1043 vivendo
521 995 605 1052 multa,
615 1011 666 1056 qua
675 1011 722 1044 non
731 997 793 1052 vult,
802 999 874 1045 videt.

214 1091 253 1145 ut
268 1089 351 1144 multa
361 1090 477 1156 fortasse,
491 1110 546 1162 quae
559 1073 630 1147 vuit!
650 1095 727 1162 atque
742 1093 770 1147 in
785 1111 815 1147 ea
829 1091 939 1164 quidem,
950 1112 1007 1163 qnae

214 1183 269 1221 uon
281 1165 343 1231 vult,
357 1184 423 1236 supe
439 1166 516 1221 etiam
533 1167 703 1224 adolescentia
717 1169 831 1223 incurrit.
867 1168 936 1223 Illud
948 1186 1007 1224 vero

214 1242 282 1304 idem
296 1241 412 1297 Coeeilius
425 1242 555 1299 vitiosius:

274 1346 335 1392 Tum
345 1346 451 1405 equidem
461 1347 488 1392 in
496 1352 589 1394 senecta
597 1348 642 1395 hoc
651 1347 736 1406 deputa
745 1346 906 1401 miserrimum,

218 1468 221 1473 ,
276 1410 375 1470 Sentire,
388 1425 416 1458 ea
424 1417 493 1459 atate
502 1414 551 1478 esse
560 1427 585 1459 se
594 1413 698 1460 odiosum
707 1413 784 1460 duri.

171 1482 173 1569 i
215 1509 364 1565 Jueuudum
380 1509 473 1578 potius,
487 1526 562 1580 quam
578 1509 700 1565 odiosum.
735 1509 774 1564 Ut
786 1509 853 1563 euim
865 1507 1045 1569 adamnan-26

215 1584 288 1640 tibus
299 1585 366 1640 bona
382 1584 465 1640 indole
483 1584 596 1656 praeditis
611 1585 738 1656 sapientes
754 1602 827 1640 senes
839 1584 1005 1651 delectantur,

215 1661 347 1732 leviorque
362 1661 392 1716 fit
408 1679 495 1716 eorum
511 1667 636 1728 senectus,
650 1662 693 1732 qui
709 1679 725 1716 a
737 1661 873 1733 juventute
888 1661 1008 1718 eoluntur

215 1746 244 1795 et
252 1737 407 1810 diliguntur:
420 1737 457 1793 sie
466 1736 637 1794 adolescentes
647 1755 736 1793 senum
744 1738 876 1808 praeeptis
885 1738 1005 1809 gaudent,

215 1814 311 1886 quibus
323 1815 355 1869 sd
366 1814 491 1871 virtutum
502 1815 588 1870 studia
599 1813 736 1868 dueuutnr.
772 1814 829 1869 Nee
840 1814 923 1868 minus
934 1815 1008 1869 intel·

214 1892 270 1963 ligo
284 1909 326 1945 me
340 1891 419 1957 vobis,
432 1910 507 1962 quam
524 1891 587 1945 mihi
604 1908 650 1947 vos
667 1904 723 1945 esse
740 1888 873 1960 jucundos.
909 1889 959 1944 Sed
971 1891 1008 1945 vi-

215 1968 293 2036 detis,
304 1972 334 2022 ut
351 1971 469 2022 seueetus
486 1984 539 2023 non
555 1965 631 2021 modo
647 1965 767 2037 languida
777 1969 855 2037 atque
871 1966 939 2021 iners
956 1983 1008 2020 uon

215 2045 260 2111 sit,
273 2062 362 2099 verum
377 2044 454 2099 etiam
469 2043 505 2098 sit
516 2060 623 2113 operosa
634 2047 661 2097 et
672 2060 771 2113 semper
782 2059 860 2112 agens
875 2041 969 2113 aliquid
980 2045 1007 2097 at

215 2120 339 2187 molieus3
362 2119 413 2175 tale
430 2119 534 2184 seilieet,
554 2118 627 2188 quale
644 2119 767 2189 cujusque
785 2117 898 2172 studium
917 2118 946 2172 in
965 2135 1009 2172 su·
1047 2127 1049 2132 '

215 2196 316 2269 periore
329 2197 381 2252 vita
391 2197 450 2251 fuit.
486 2192 573 2261 Quid?
591 2193 635 2265 qui
650 2194 727 2249 etiam
744 2193 878 2249 addiscunt
894 2193 1007 2265 aliquid?

215 2278 247 2329 ut
259 2273 376 2328 Solonem
388 2270 503 2327 versibus
515 2271 665 2342 glonantem
673 2269 795 2335 videmus,
805 2269 849 2341 qui
860 2287 886 2324 ae
896 2271 1010 2340 quotidie

214 2349 321 2420 aliquid
334 2349 504 2403 addiscenten
520 2347 581 2403 dieit
599 2364 684 2401 senem
701 2346 770 2401 fieri:
788 2350 819 2400 nt
834 2364 882 2418 ego
894 2347 950 2413 feei,
964 2346 1008 2418 qni

216 2426 320 2482 Groeeas
342 2424 428 2480 literas
448 2441 526 2478 senex
547 2422 637 2489 didiei;
668 2441 730 2492 quas
751 2421 853 2494 quidem
876 2423 913 2478 sio
935 2423 1008 2478 avida

215 2502 320 2573 arripui,
339 2501 412 2572 quasi
429 2500 575 2555 diuturnam
593 2499 663 2554 sitim
680 2498 782 2569 explere
799 2499 909 2569 cupiens,
928 2503 959 2553 ut
978 2517 1009 2553 ea

216 2579 272 2650 ipsa
290 2577 354 2632 mihi
373 2580 436 2631 uota
456 2579 549 2640 essent,
568 2575 661 2646 quibus
681 2593 722 2630 me
742 2592 810 2631 nune
828 2574 949 2643 exemplis
968 2575 1008 2629 uti

217 2654 317 2711 videtis.
353 2652 429 2719 Quod
448 2671 527 2724 quum
546 2652 637 2708 senisse
655 2653 784 2707 800QO
804 2651 832 2705 in
851 2649 943 2704 fidibus
964 2668 1008 2704 au=

218 2731 304 2797 dinem,
326 2729 417 2785 vellem
439 2727 555 2800 equidem
579 2729 657 2784 etiam
679 2727 756 2783 iilud:
787 2726 917 2782 discebant
940 2726 1007 2780 euim

218 2809 309 2864 fidibus
322 2806 435 2877 antiqui:
454 2804 499 2860 sed
510 2805 538 2860 in
548 2805 629 2859 literis
641 2810 710 2860 eerte
722 2803 855 2859 elaboravi.

251 2886 301 2941 IX.
315 2883 380 2939 Neo
396 2899 464 2938 nune
481 2880 599 2953 equidem
616 2881 683 2936 vires
701 2879 815 2936 desidero
832 2875 1046 2942 adoleseentis,27
