2575 3367
292 324 337 371 100
576 321 623 368 DE
641 320 796 370 ostelens

290 434 370 488 fuisse
387 430 496 487 videare.
533 430 583 486 Sed
601 431 656 488 hoec
672 432 811 488 hactenus:
830 432 912 488 multa
929 433 996 488 enim
1016 451 1082 504 saepo

290 510 323 566 sd
334 515 361 565 te
374 508 523 565 cohortandi
535 508 618 580 gratia
630 508 785 579 scripsimus.
820 509 900 565 Nunc
915 509 949 564 ed
960 509 1082 581 reliquam

291 590 389 658 partem
401 585 537 657 propositae
549 582 680 639 divisionis
692 589 857 641 revertamur.

267 664 283 719 7
326 663 455 719 Psuaetius
467 662 555 732 igitur,
563 660 608 732 qui
619 661 675 715 sine
687 661 860 716 controversis
866 659 898 717 de
911 661 999 717 officiis
1011 680 1082 717 socu-

290 740 417 797 ratissime
432 738 579 809 disputavit,
593 755 719 808 quemquo
735 755 789 803 nos,
802 738 960 793 correctione
975 739 1083 809 quadum

291 816 411 880 adhibita,
422 814 581 884 potissimum
594 813 675 867 secuti
689 830 785 879 sumus,
795 813 1017 885 sumpserunt
1028 832 1083 885 pro-

291 893 389 964 positis,
408 891 441 944 im
457 889 551 961 quidus
568 889 706 944 deliberare
723 891 839 944 homiues
854 899 877 943 et
894 893 1039 945 somniem
1054 891 1085 945 de

291 970 372 1040 officio
385 969 501 1032 autemut,
518 984 578 1034 uno,
594 983 677 1036 quum
694 966 852 1032 dubitarent,
870 967 1040 1021 honestumne
1057 967 1086 1021 id

291 1053 358 1106 esset,
366 1045 395 1097 de
403 1060 454 1114 quo
465 1048 590 1112 speretur,
603 1059 641 1094 au
652 1050 744 1112 tuipe:
760 1042 850 1106 aliero,
862 1043 964 1110 utilene,
976 1060 1012 1096 an
1025 1043 1085 1097 inu-

291 1122 353 1175 tile:
371 1121 484 1185 lertio,si
495 1118 531 1181 id,
544 1117 612 1188 quod
622 1118 723 1186 speeiem
735 1117 834 1172 deteret
841 1117 949 1182 dommi,
957 1128 1085 1189 pupnasee

290 1215 347 1251 eum
359 1215 393 1263 eo,
406 1194 475 1267 qamd
486 1194 549 1247 utile
560 1193 694 1261 videretur,
707 1193 830 1264 quomodo
842 1211 871 1246 ee
882 1193 1000 1247 disserui
1011 1212 1084 1265 opor·

280 1271 433 1338 .teret,·-de
450 1269 550 1325 duobus
566 1268 703 1341 generibus
720 1269 808 1339 primis
820 1269 903 1324 tribus
915 1267 988 1324 libris
1005 1270 1085 1340 expli·

291 1350 374 1404 cavit:
394 1351 424 1404 de
435 1351 509 1404 tertio
522 1350 608 1401 sutem
617 1363 707 1416 peaere
717 1345 835 1417 deismps
846 1363 871 1399 se
881 1345 986 1416 scripsit
1002 1347 1085 1401 dictu·

267 1437 356 1490 trum,
374 1443 421 1479 nec
442 1423 558 1489 exsolvit,
576 1420 643 1493 quod
662 1421 820 1492 promiserat.
856 1420 930 1486 Quod
952 1439 984 1476 eo
1002 1423 1084 1493 magis

290 1501 375 1565 miror,
389 1500 449 1571 quia
460 1500 582 1568 scriptum
595 1515 611 1552 a
622 1496 747 1567 discipulo
759 1501 814 1568 ejus
827 1496 965 1552 Posidonio
977 1502 1026 1565 est,
1037 1500 1085 1553 tri-

287 1579 365 1647 pium
376 1578 457 1629 dumis
472 1575 567 1628 uicisse
579 1574 737 1639 Panaetium,
749 1583 917 1644 posteaquam
933 1575 994 1628 illos
1009 1574 1086 1629 libros

290 1651 415 1706 edidisset.
452 1652 536 1714 Quem
547 1650 630 1704 locum
643 1650 722 1705 miror
730 1667 746 1704 a
754 1649 892 1704 Posidonio
903 1649 1018 1706 breviter
1029 1668 1084 1706 esse

291 1730 389 1783 tactum
407 1728 434 1783 in
454 1726 604 1800 quibusdam
623 1725 826 1782 commentariis:
845 1727 987 1796 prasertim
1006 1745 1083 1799 quum

291 1805 394 1874 scribat,
406 1808 507 1860 uallum
518 1822 567 1858 esse
579 1806 660 1857 locum
676 1805 706 1858 iu
724 1808 777 1857 totu
790 1802 953 1873 philosophia
969 1812 1026 1858 tam
1041 1821 1085 1858 se·

268 1885 434 1944 occisorium.
471 1880 579 1935 Minime
591 1897 651 1933 sero
664 1878 789 1933 assentior
804 1877 843 1943 iis,
857 1877 901 1948 qui
916 1884 1014 1950 negant
1026 1897 1083 1933 eum

292 1959 377 2010 locum
391 1974 409 2009 a
420 1957 543 2011 Puuoetio
554 1957 762 2026 praetermissum,
774 1954 818 2008 sed
833 1955 945 2009 consulto
957 1957 1082 2023 relicturis,

291 2050 336 2086 aee
353 2035 459 2088 omuino
477 2030 638 2086 eemdeudum
650 2033 743 2101 fuisse,
762 2034 822 2102 quis
839 2049 987 2102 numquam
1003 2039 1083 2103 passd

291 2110 392 2161 utilitas
403 2127 463 2162 aum
473 2109 600 2162 doaseatute
610 2124 735 2178 pepulere.
764 2107 804 2161 De
817 2125 867 2177 quo
877 2106 985 2161 alterum
999 2109 1083 2178 potest

291 2182 384 2237 habere
402 2182 594 2249 dubitationem,
611 2181 814 2238 adhibendumne
831 2183 910 2237 fuerit
928 2183 977 2238 hoe
995 2202 1084 2255 ςειιιιι,

292 2258 360 2327 quod
371 2258 399 2311 in
410 2257 532 2313 divisione
542 2259 649 2315 Panaetii
661 2261 766 2315 tertium
779 2264 827 2323 est,
837 2278 870 2314 an
878 2259 952 2331 plane
964 2260 1084 2315 omitten-

293 2333 367 2387 dum:
387 2332 493 2388 alterum
506 2333 616 2389 dubitari
628 2353 680 2390 non
691 2340 785 2406 potest,
797 2336 859 2406 quin
871 2355 886 2391 a
898 2336 1015 2392 Panaetio
1029 2354 1084 2391 sus·

293 2414 395 2480 ceptum
406 2409 448 2475 sit,
458 2408 503 2464 sed
514 2410 638 2466 relictum.
663 2412 731 2466 Nam
744 2412 787 2483 qui
796 2430 811 2467 e
820 2411 942 2468 divisione
954 2413 1084 2484 tripartito

293 2486 355 2540 duas
369 2489 452 2557 partes
465 2485 608 2551 absolverit,
621 2488 682 2542 huic
693 2506 797 2543 necesse
809 2493 849 2543 est
862 2493 959 2544 restare
970 2489 1082 2544 tertiam.

292 2560 420 2617 Praeterea
431 2563 459 2616 iu
470 2568 582 2617 extremo
594 2563 659 2618 libro
670 2564 749 2618 tertio
760 2564 790 2617 de
801 2564 850 2617 luzo
859 2575 935 2634 porte
950 2566 1084 2636 pollicetur

254 2648 317 2696 lose
332 2640 442 2709 deinceps
459 2657 508 2693 esse
523 2639 664 2694 dicturum.
698 2639 806 2695 Accedit
821 2639 909 2694 eodem
925 2642 1002 2696 testis
1018 2642 1083 2696 locu·

293 2714 354 2784 pies,
368 2714 526 2779 Posidonius,
540 2715 583 2784 qui
600 2715 676 2769 etium
695 2717 783 2770 scribit
800 2716 827 2769 in
844 2715 951 2786 quadam
968 2717 1082 2788 epistola,

293 2790 326 2842 P.
341 2792 472 2844 Rutilium
487 2792 586 2858 Rujum
598 2791 679 2844 dicere
689 2791 775 2858 solere,
787 2791 831 2861 qui
843 2792 986 2846 Panaetium
1000 2793 1083 2848 audis·
1112 2821 1116 2829 .

293 2869 340 2929 rat,
358 2866 409 2919 ‘llt
426 2882 499 2918 memo
515 2867 600 2934 pictor
616 2875 675 2919 esset
694 2869 821 2934 iuuentus,
839 2869 884 2936 qui
904 2868 962 2922 Coie
980 2870 1083 2924 Veneris
