2575 3367
255 320 288 368 88
582 318 722 368 LAELIUS

255 428 366 483 amicitie
380 446 410 484 es
425 428 481 499 ipsu
495 428 637 496 dissereret,
652 449 708 502 qum
723 430 854 501 disputate
866 428 899 486 sb
916 448 939 487 α

255 505 336 559 nisset
349 505 468 561 Scaevols.
505 508 592 562 Genus
604 513 688 562 sutem
701 508 750 563 hoo
767 525 921 572 sermonum,

255 581 282 635 in
300 581 430 636 hominum
451 586 566 637 veterum
584 584 781 639 auctoritateret
799 602 886 639 eorum
902 582 939 638 iln

256 657 313 728 plus
325 659 410 713 nescio
423 676 473 729 quo
485 663 562 729 puoto
575 659 675 714 videtur
687 659 780 715 habere
791 661 934 732 gravitatis.

256 735 311 804 ipse
329 753 386 789 mes
401 735 488 804 legens
505 735 541 790 sic
553 735 647 790 afficior
662 735 800 801 interdum,
811 742 842 792 ut
856 739 937 791 Geton

230 812 296 866 dmc
312 810 383 880 loqui
400 812 550 865 existimem.
589 812 647 878 Sed,
660 821 691 866 ut
702 816 758 867 tum
776 813 809 867 ed
822 830 909 867 senem
925 831 939 868 s

254 891 394 953 senectute,
406 888 443 941 sic
455 887 503 942 hoc
521 887 584 942 libro
597 888 629 942 ud
645 890 752 944 amicum
765 889 932 943 amicissimus

253 962 314 1016 citis
325 963 422 1032 scripsi.
451 963 516 1018 Tum
526 970 566 1019 est
579 964 644 1020 Cato
656 964 765 1029 locutus,
779 983 829 1035 quo
841 970 896 1019 eret
908 983 939 1020 ur

253 1039 337 1093 senior
349 1040 506 1110 temporibus
519 1040 575 1105 illis,
589 1059 664 1096 nemo
677 1041 844 1110 prudentior:
863 1059 933 1096 nuuc

253 1121 280 1168 et
292 1116 400 1185 sapiens,
415 1116 463 1186 (sic
475 1117 541 1170 enim
554 1124 594 1171 est
606 1117 729 1184 habitus)
743 1123 769 1172 et
781 1117 898 1172 amicitiae
910 1117 938 1188 gl

253 1191 353 1257 cellens,
367 1191 398 1248 de
416 1192 527 1247 amicitia
544 1193 667 1262 loquitur.
703 1195 743 1248 Tu
754 1193 829 1248 velim
847 1194 939 1248 unimur

253 1286 388 1339 parumper
400 1276 507 1334 evertes,
520 1269 626 1324 Laelinm
640 1270 711 1340 loqui
722 1270 806 1341 ipsum
817 1275 902 1340 putes.

252 1345 311 1401 nius
331 1351 357 1401 et
378 1347 407 1412 Q.
421 1347 524 1401 Mucius
546 1345 578 1400 cd
598 1364 712 1401 socerum
734 1347 839 1401 veniunt
860 1350 920 1414 post

251 1422 383 1478 Africani:
402 1423 433 1478 ab
445 1424 486 1478 his
498 1441 581 1477 sermo
592 1424 690 1489 oritur;
709 1423 845 1494 respondet
857 1423 939 1479 Lseliu

252 1502 309 1552 tota
319 1499 459 1568 disputatio
477 1505 518 1554 est
534 1499 565 1554 de
583 1499 702 1567 amicitia,
714 1519 789 1571 quam
807 1500 895 1572 legens
907 1507 939 1556 tu

252 1594 400 1647 cognosces.

226 1660 242 1708 6
287 1653 327 1706 ll.
345 1652 478 1706 Firmus.
510 1652 576 1707 Sunt
588 1653 645 1719 istu,
658 1653 736 1709 Ineli!
763 1654 939 1710 Neocnimm

252 1729 302 1784 fuit
314 1729 434 1784 Africano
447 1729 579 1800 quisquam
592 1747 640 1784 nec
652 1729 751 1785 clarior.
782 1731 833 1785 Sed
845 1732 938 1786 existiu

251 1805 297 1862 bes
309 1807 421 1862 omnium
433 1805 519 1860 oculos
536 1823 603 1860 nunc
615 1807 642 1860 in
654 1812 680 1860 te
692 1824 749 1861 esse
761 1811 908 1876 conjectos;
928 1827 939 1862 ι

252 1883 391 1953 sapientem
404 1887 431 1937 et
443 1881 571 1952 appellent
583 1886 609 1936 et
622 1882 779 1937 existiment.
813 1884 939 1940 'l‘ribuebc

251 1959 327 2014 modo
344 1959 383 2016 M.
396 1958 505 2013 Catonis
524 1958 618 2013 scimus
635 1959 668 2012 L.
677 1959 797 2012 Attilium
809 1958 878 2028 opud
888 1965 939 2030 peti

250 2041 306 2091 tros
320 2035 474 2106 appellatum
490 2053 546 2090 esse
562 2036 724 2104 mpietatem
742 2034 787 2089 sed
800 2038 939 2106 uterqueu

252 2110 308 2166 dem
329 2112 420 2167 modo:
440 2112 554 2176 Attilius,
577 2111 637 2181 quic
657 2110 768 2180 prudens
785 2129 842 2166 esse
860 2113 887 2166 in
902 2113 939 2183 jur

253 2187 407 2257 putabatur;
425 2187 499 2254 Octo,
512 2188 571 2258 quie
583 2187 719 2241 multarum
732 2206 817 2242 rerum
829 2206 905 2242 usum
919 2189 937 2243 h

253 2262 344 2331 (multa
356 2267 411 2332 ejus
424 2268 450 2317 et
462 2265 490 2318 in
501 2271 592 2318 senetur
604 2275 630 2319 et
642 2263 670 2318 in
682 2265 736 2318 soro
746 2264 786 2318 vel
798 2265 898 2335 provise
908 2284 939 2334 pr

250 2338 291 2393 vel
299 2346 355 2393 octa
362 2343 509 2394 constanter
520 2341 559 2394 vel
568 2360 689 2411 respousa
698 2346 772 2395 acute
781 2341 930 2395 ferebantur

251 2421 322 2471 terea
334 2416 405 2485 quasi
423 2433 564 2486 cognomen
572 2421 625 2486 jum
643 2418 752 2472 habebut
764 2417 792 2471 iu
803 2423 937 2472 senectute

253 2494 296 2548 tis.
333 2493 370 2547 'l'e
382 2498 466 2547 cutem
480 2494 527 2546 olio
541 2494 648 2562 quodam
662 2494 745 2561 modo,
756 2512 808 2548 non
819 2494 903 2548 solum
914 2513 939 2547 m

251 2569 370 2635 moribus,
382 2589 468 2625 verum
481 2570 557 2624 etium
570 2570 655 2624 studio
665 2578 692 2624 et
701 2571 816 2624 doctrina
822 2589 878 2624 esse
888 2572 939 2639 supi

250 2665 297 2701 nco
310 2647 376 2701 sicut
389 2647 487 2716 vulgus,
501 2645 545 2700 sed
558 2652 587 2700 ut
600 2647 693 2701 eruditi
705 2647 788 2701 solent
804 2647 930 2716 appellare

228 2733 306 2787 rtem,
329 2723 427 2792 qualem
452 2725 479 2777 in
503 2723 600 2776 Graeoic
622 2724 756 2778 neminem.
799 2724 865 2778 Num
887 2725 932 2794 qui

251 2799 416 2865 appellantur,
432 2817 483 2864 eos,
496 2798 538 2868 qui
557 2798 607 2853 istc
622 2798 741 2854 subtilius
759 2804 883 2870 querunt,
896 2801 923 2854 iu

243 2875 401 2944 sapientium
418 2894 471 2931 non
486 2875 588 2928 hubent.
623 2875 732 2930 Athenis
746 2896 825 2931 unum
844 2877 939 2947 occepit
