2575 3367
297 313 314 357 4
583 310 631 357 DE
649 309 804 357 osricus

297 420 420 484 instituit,
432 424 462 474 ut
473 421 537 475 nihil
547 421 640 476 habeat
653 441 710 477 cum
722 423 818 477 virtute
831 424 1003 490 conjunctum,
1017 422 1092 492 idque

297 497 352 550 suis
371 496 515 561 commoda,
528 515 580 551 non
599 497 733 553 honestate
750 500 863 562 metitur,
876 498 925 562 hic,
939 498 961 551 si
978 498 1026 552 eibi
1038 499 1092 567 ipse

297 572 439 627 consentiat
459 576 485 627 et
504 591 555 627 nou
572 574 699 628 interdurn
717 579 815 629 naturae
835 574 949 629 bonitate
968 574 1091 639 vincatur,

296 667 380 719 neque
397 649 533 704 amicitiam
551 649 633 704 colere
652 651 741 720 possit,
758 669 805 705 nec
820 650 954 720 justitiam,
966 667 1013 704 nec
1031 649 1092 703 libe·

296 726 437 780 ralitatem:
457 725 530 780 sortis
548 745 616 791 vero,
636 727 748 782 dolorem
768 746 893 782 summum
915 726 1008 781 malum
1023 726 1091 795 judi·

296 820 363 870 cans,
382 807 427 856 aut
443 807 595 871 temperans,
613 803 769 874 voluptatem
785 822 911 858 summum
929 802 1023 857 bonum
1039 807 1092 857 sta-

274 885 380 942 6tuens,
392 896 448 933 esse
466 881 535 933 certe
553 879 625 932 nullo
637 880 713 934 modo
724 884 819 950 potest.
855 880 922 938 Quae
940 896 1091 949 quamquam

295 955 333 1009 ita
344 959 405 1009 sunt
412 955 440 1009 in'
449 961 575 1024 promptu,
584 958 614 1008 ut
623 974 665 1010 res
674 955 846 1024 disputatione
854 973 905 1009 nou
914 959 995 1023 egeat,
1005 959 1090 1008 tamen

296 1036 356 1086 sunt
368 1049 384 1084 a
395 1030 468 1085 nobis
486 1030 535 1084 alio
546 1030 602 1085 loco
619 1031 757 1102 disputata
793 1033 843 1087 Hae
861 1031 999 1100 disciplinae
1011 1032 1091 1101 igitur

296 1108 318 1162 si
335 1108 384 1162 sibi
401 1111 576 1162 consentaneae
594 1125 650 1162 esse
668 1108 755 1177 velint,
767 1108 800 1163 de
817 1107 899 1161 officio
916 1107 979 1160 nihil
995 1111 1090 1176 queant

209 1220 212 1224 ,
296 1184 394 1238 dicere:
413 1201 496 1250 neque
512 1183 565 1237 ulla
583 1183 658 1238 officii
669 1189 796 1255 precepta
813 1184 893 1247 firma,
910 1182 1017 1246 stabilia,
1031 1201 1092 1237 eon·

293 1261 385 1331 juncta
395 1264 493 1315 natnroe
505 1259 572 1314 tradi
584 1261 763 1329 possuntnisi
778 1264 823 1314 aut
841 1259 872 1313 ab
890 1259 930 1324 iis,
943 1259 987 1329 qui
1003 1259 1095 1326 solam,

295 1343 340 1393 aut
361 1339 392 1393 ab
410 1339 449 1404 iis,
468 1338 512 1409 qui
529 1339 638 1392 maxime
655 1339 814 1393 honestatem
833 1341 938 1407 propter
956 1354 984 1390 ee
1003 1337 1090 1392 dicant

296 1415 470 1484 expetendam·
506 1415 549 1468 Ita
564 1415 667 1483 propria
683 1418 723 1468 ee
741 1431 772 1468 ea
789 1413 924 1484 praeceptio
937 1412 1088 1480 Stoicorum,

295 1491 513 1552 Academicorum,
537 1489 781 1559 Peripateticorum:
809 1489 928 1558 quoniam
952 1488 1090 1555 Aristonis,

295 1566 440 1637 Pyrrhonis,
461 1565 552 1619 Herilli
571 1565 740 1635 jampridem
761 1564 864 1635 explosa
885 1565 1011 1619 sententia
1031 1572 1086 1632 est;

295 1642 338 1713 qui
355 1646 441 1695 tamen
458 1641 579 1695 haberent
595 1641 637 1709 jus
656 1660 731 1696 suum
749 1641 897 1713 disputandi
915 1640 946 1696 de
964 1642 1052 1707 officio,
1065 1642 1088 1696 si

295 1737 378 1772 rerum
398 1718 507 1788 aliquem
526 1716 652 1772 delectum
670 1718 841 1789 reliquissent,
859 1722 889 1772 ut
906 1718 938 1772 ad
957 1718 1030 1772 officii
1048 1719 1087 1772 in·

294 1794 438 1849 ventionem
456 1793 541 1847 aditus
559 1797 634 1848 esset.
672 1794 808 1864 Sequimur
822 1794 902 1866 igitur
919 1794 967 1848 hoc
985 1794 1091 1865 quidem·

294 1875 407 1940 tempore
425 1874 451 1925 et
469 1870 516 1924 hac
534 1870 718 1940 inquestione
736 1871 896 1941 potissimum
914 1870 1021 1934 Stoicos,
1034 1889 1094 1924 nore

294 1953 324 2002 ut
341 1948 500 2016 interpretes,
519 1946 572 2011 sed,
588 1950 619 2000 ut
636 1947 783 2012 solemus,e
800 1946 915 2001 sontibus
933 1964 1027 2011 eorum,
1044 1946 1086 2015 ju·

293 2024 358 2078 dicio
377 2023 531 2094 arbitrioque
548 2028 644 2088 nostro,
664 2028 787 2095 quantum
806 2041 906 2096 quoque
926 2022 1000 2076 modo
1018 2022 1087 2076 vide·

293 2100 370 2162 bitur,
384 2100 535 2154 hauriemus.

270 2190 284 2243 7
327 2176 414 2231 Placet
436 2177 522 2247 igitur,
545 2177 664 2246 quoniam
685 2177 767 2231 omnis
791 2174 931 2246 disputatio
951 2173 984 2228 de
1003 2174 1088 2228 officio

292 2253 380 2306 fotura
395 2254 443 2318 cst,
456 2256 515 2305 ante
530 2251 641 2318 definire,
654 2251 715 2322 quid
734 2253 768 2307 sit
787 2252 910 2306 officium:
929 2250 997 2322 quod
1009 2269 1025 2304 a
1035 2251 1085 2304 Pa·

291 2329 368 2383 naetio
380 2327 576 2398 pretermissum
595 2345 652 2381 esse
668 2327 753 2381 miror.
789 2329 879 2382 Omnis
896 2327 961 2381 enim
975 2345 1031 2397 quae
1043 2326 1095 2397 [a]·

292 2405 388 2459 ratione
401 2403 539 2473 suscipitur
551 2403 583 2458 de
595 2403 679 2473 aliqua
690 2422 718 2459 re
729 2404 865 2469 institutio,
879 2403 955 2458 debet
966 2421 982 2456 a
993 2403 1084 2457 defini·

291 2481 362 2534 tione
380 2479 512 2549 proficisci,
525 2483 555 2533 ut
566 2479 732 2550 intelligatur,
744 2479 806 2550 quid
823 2481 856 2535 sit
868 2479 903 2544 id,
915 2480 947 2533 de
964 2497 1015 2550 quo
1033 2479 1084 2534 dis·

310 2560 404 2611 utetur.

292 2575 308 2629 p
326 2633 378 2687 111.
396 2630 487 2686 Omnis
505 2630 536 2686 de
560 2631 640 2685 officio
661 2631 754 2702 duplex
773 2635 813 2686 est
834 2631 948 2702 quaestio.
994 2630 1082 2685 Unum

291 2727 372 2780 genus
389 2714 436 2771 est,
450 2708 517 2778 quod
533 2709 643 2777 pertinet
665 2709 696 2763 ad
717 2710 790 2762 tinem
808 2708 946 2763 bonorum:
965 2707 1080 2771 alterurn,

291 2785 359 2855 quod
378 2785 486 2853 positum
506 2789 545 2838 est
562 2784 588 2837 in
601 2785 740 2855 praeceptis,
755 2784 847 2854 quibus
858 2786 885 2839 in
897 2803 983 2838 omncs
996 2790 1081 2854 partes

291 2880 353 2917 usus
361 2862 420 2916 vitae
428 2860 578 2916 conformari
587 2861 674 2932 possit.
693 2862 834 2932 Superioris
842 2861 942 2932 generis
950 2861 1082 2932 hujusmo-
