2575 3367
511 313 582 364 ulo.
598 314 619 364 1.
638 313 714 363 CAP.
732 316 772 363 ³1.
998 318 1028 364 41

228 427 342 494 lotorem,
359 445 440 499 quem
461 432 543 494 etp-va
564 427 647 484 Graeoi
670 427 874 496 nominaverunt,
898 428 1029 485 Socraten

186 530 192 591 q
228 505 389 575 eooepimue.
414 507 505 560 oontre
524 504 696 576 Pythagoram
718 508 745 559 et
763 504 887 559 Periclem
904 523 1028 560 summum

187 604 190 641 ι
229 581 409 637 auotoritutem
425 585 576 637 ooneeoutoe
593 582 650 636 siue
665 579 718 635 ulle
732 579 867 635 hilaritate
903 580 1028 636 callidum

187 650 190 667 '
228 657 397 713 Hannibalem
415 676 449 714 ex
460 658 604 721 Poeuornm,
617 674 649 712 ex
663 657 758 711 uoetrio
776 655 883 711 dueibue
896 656 933 716 Q
942 656 1028 712 Mari·

227 751 297 788 mum
314 734 457 805 eeoepimue
472 733 546 790 ieeile
562 734 653 797 eriere,
671 738 764 796 tmere,
782 732 975 798 dissimulare,
967 733 1029 788 inei·

226 808 298 874 dinri,
309 810 447 881 precipere
458 810 571 864 hostium
583 809 695 866 oonsilio
730 809 827 879 Inque
839 826 933 880 genem
945 808 1028 864 Groui

228 885 423 942 Themistoclem
435 890 463 941 et
471 886 605 942 Pheneum
615 886 736 941 Jneonem
750 886 842 941 oeterie
854 889 1027 956 anteponunt:

228 961 255 1016 in
266 961 406 1033 primisque
418 966 553 1019 versutum
564 966 592 1018 et
608 961 726 1018 onllidum
743 960 839 1016 foetum
854 962 962 1027 Solonio,
975 961 1027 1032 qui,

228 1055 279 1108 quo
297 1042 326 1095 et
344 1038 428 1094 tutior
445 1039 501 1094 rite
521 1041 578 1108 ejue
598 1043 678 1104 eeeet,
696 1043 724 1093 et
747 1037 805 1108 plue
825 1037 960 1109 aliquando
981 1038 1029 1093 rei-

229 1112 338 1181 publice
357 1113 501 1184 prodesset,
518 1114 604 1170 furere
622 1133 650 1170 ee
667 1113 804 1170 simulavit.
842 1114 908 1169 Sunt
925 1115 966 1168 hie
986 1114 1029 1170 ulii
1039 1120 1085 1169 109

228 1190 347 1251 multum,
360 1190 482 1262 dispereo,
499 1190 625 1262 eimplioee
642 1195 669 1246 et
686 1191 775 1261 aperti,
795 1192 839 1261 qui
856 1191 919 1245 nihil
936 1209 970 1245 ex
986 1208 1029 1246 oo·

228 1266 383 1331 eulto,nid1d
399 1266 500 1323 ineidiie
517 1267 644 1336 agendum
661 1271 761 1339 putent,
774 1266 890 1321 veritatis
909 1266 1029 1334 cultores,

228 1343 328 1398 fraudis
342 1343 453 1411 inimici3
478 1343 591 1416 itemque
607 1344 658 1410 ulii,
670 1344 715 1414 qui
729 1342 829 1414 quid-vie
845 1343 1027 1412 perpetientur,

228 1419 308 1474 cuivis
326 1417 479 1486 derernieut,
494 1419 563 1486 dum,
580 1420 649 1491 quod
665 1419 752 1485 velint,
771 1423 973 1490 consequuntur:
997 1423 1029 1476 ue
1068 1440 1072 1479 ,·

229 1495 328 1550 Sullam
340 1498 367 1550 et
379 1495 418 1552 M.
432 1495 553 1552 Croesum
566 1495 722 1552 videbamus.
759 1495 819 1555 Quo
831 1496 858 1551 in
869 1514 962 1567 genere
973 1515 1028 1553 rer·

229 1571 387 1626 eutieeimum
409 1575 436 1627 et
456 1571 669 1643 patientissimum
691 1571 911 1628 Laoedaemouium
931 1573 1028 1645 Lysan-

228 1645 302 1703 drum
326 1647 485 1717 eoeepimne:
514 1651 654 1720 oontreque
678 1648 873 1714 Callicratidan,
895 1649 940 1720 qui
962 1668 1027 1720 pre-

228 1722 313 1779 feotue
323 1723 414 1778 olueeie
430 1720 561 1794 prorumpo
576 1729 635 1795 poet
648 1725 806 1797 Iqeondrum
818 1724 876 1780 init
907 1727 1026 1796 Itemque

228 1799 255 1855 in
266 1798 427 1855 sermonibus
438 1799 524 1866 dium.
536 1801 652 1871 quamvis
668 1806 811 1872 prepotens
823 1801 866 1868 eit,
877 1801 984 1867 efficere,
995 1805 1026 1857 ut

228 1894 295 1931 unus
315 1875 349 1931 de
367 1874 455 1931 multis
473 1894 529 1932 mee
545 1876 679 1932 videatur:
705 1877 774 1948 quod
790 1877 818 1932 iu
835 1877 936 1942 Catulo,
957 1887 983 1932 et
1001 1877 1029 1932 iu

228 1957 300 2022 petre
311 1955 340 2007 et
351 1951 380 2006 in
394 1951 454 2018 filio,
466 1951 584 2023 idemque
599 1953 628 2008 in
639 1954 673 2014 Q.
687 1953 776 2009 Mucio
788 1953 893 2008 Menoia
909 1953 1027 2013 vidimus.

228 2027 325 2083 Audivi
336 2045 370 2082 ox
384 2028 522 2098 majoribus
533 2032 597 2084 notu
615 2029 664 2085 hoo
675 2029 742 2085 idem
760 2028 840 2084 fuisse
851 2029 879 2083 in
890 2029 919 2084 P.
933 2029 1028 2099 Scipio-

228 2122 259 2160 ue
270 2103 384 2160 Neeioe:
410 2108 549 2175 contraque
561 2108 660 2174 putrem
671 2109 737 2176 ejus,
750 2104 829 2171 illum,
841 2104 887 2174 qui
898 2104 937 2159 ut.
951 2106 1029 2160 θηο-
1122 2155 1126 2161 .

228 2181 268 2236 ehi
280 2183 390 2236 oonetuu
402 2179 515 2250 perditor
527 2181 672 2247 vindicarit,
685 2181 779 2237 nullum
791 2181 937 2236 comitatem
950 2181 1028 2238 hobu-
1067 2212 1071 2217 ·

228 2257 277 2313 isee
299 2256 440 2322 sermonis3
465 2275 499 2312 ue
517 2257 688 2313 Xenooratem
709 2258 818 2329 quidem,
841 2259 1028 2314 severissimum

228 2333 444 2404 philosophorum,
453 2331 485 2388 ob
495 2351 604 2404 eumque
615 2352 670 2389 rem
678 2335 759 2405 ipsam
768 2353 889 2406 maguum
898 2339 925 2390 et
932 2336 1027 2392 olerum

229 2409 316 2465 fnium.
346 2408 547 2465 Innumernbilee
560 2409 614 2465 elin
626 2409 844 2467 dinsimilitudiuee
856 2415 918 2467 eunt
929 2417 1028 2468 nature

228 2503 388 2556 morumque,
400 2484 502 2541 minime
514 2489 600 2541 tumen
611 2486 845 2558 vituperandorum.

192 2573 194 2597 ¹
261 2561 366 2618 XXXI·
384 2560 529 2617 Admodum
549 2566 636 2618 nutem
654 2563 765 2619 tenenda
784 2566 845 2619 eunt
863 2581 910 2618 ouo
928 2563 1084 2634 ouiqu0,110

230 2654 280 2693 uon
297 2638 399 2703 vitione,
421 2637 467 2693 eed
489 2641 576 2694 wmeu
591 2639 701 2709 proprio,
721 2658 772 2710 qno
789 2639 888 2694 facilius
909 2638 1028 2693 decorum

230 2712 299 2780 illud,
313 2713 383 2785 quod
394 2713 538 2784 querimus,
550 2715 699 2771 retinentur.
736 2716 779 2771 Sio
794 2714 861 2769 enim
877 2717 917 2768 est
934 2715 1028 2770 faoien·

232 2788 299 2857 dum,
313 2794 345 2845 ut
359 2794 449 2845 eontra
466 2791 608 2845 universam
621 2795 738 2846 naturam
754 2790 818 2845 nihil
829 2789 1026 2857 contendemus;

232 2883 260 2922 ee
270 2870 361 2924 tumen
372 2870 529 2936 mesenate,
542 2867 670 2939 proprium
685 2870 803 2924 naturam
814 2883 950 2937 sequamur
956 2889 965 2934 3
989 2871 1027 2935 ot,
