2575 3367
423 398 471 447 DE
491 398 668 447 AMICITIA.
698 397 822 449 CAMT.
989 399 1021 448 to
1106 402 1109 406 ’

225 513 289 572 citio
313 509 437 581 Scipionis
461 514 556 579 possim
580 525 733 578 comparere.
779 507 813 563 In
836 507 884 562 hnc
906 507 969 564 mihi
989 508 1021 564 de

225 588 358 660 republica
380 604 528 650 consensus,
553 585 581 639 in
603 585 652 639 hac
675 603 759 639 rerum
783 583 866 654 purat
867 603 938 638 arum
962 603 1021 640 eon·

226 665 337 732 silium'
330 682 358 718 ιιι
369 662 457 718 eodem
465 662 565 749 requies
577 661 651 731 plena
660 660 834 715 oblectationis
847 660 905 715 fuit.
940 661 1021 716 Num·

227 759 324 828 quem·
322 739 394 795 iilum
406 756 439 792 ne
455 737 558 792 minima
570 735 671 824 quidem
687 755 715 791 re
726 735 827 802 offendi,
841 736 908 807 quod
920 737 1019 808 quidem

227 816 368 875 senserim.
398 814 462 869 nihil
485 812 570 868 audivi
593 831 625 866 ex
648 813 711 883 ipso,
734 812 802 884 quod
824 813 924 868 nollem.
962 815 1022 868 Una

227 893 319 950 domus
332 894 394 956 erat,
375 890 510 945 idern
487 893 539 944 vro
540 907 570 942 us
570 906 661 959 isque
672 906 826 944 communis
845 908 926 962 neque
939 886 1020 945 tolum

226 969 327 1036 militis,
339 967 423 1023 sedet
411 966 474 1021 tiam
486 965 701 1036 peregrinationes
713 984 757 1019 rus
758 966 941 1037 tinctionesque
953 985 1020 1021 com-

227 1064 327 1102 munes.
363 1044 432 1098 Nam
450 1042 512 1112 qnid
529 1060 577 1112 ego
595 1042 626 1096 de
644 1041 736 1096 studiis
754 1042 833 1096 dicam
852 1043 1020 1114 cognoscendi
1031 1047 1075 1093 1οι

228 1140 329 1192 semper
349 1119 444 1190 aliquid
469 1123 545 1189 atque
569 1116 689 1183 discendi,
711 1118 738 1172 in
762 1119 853 1189 quibus
876 1121 967 1175 remoti
988 1119 1019 1174 ab

227 1198 308 1265 oculis
321 1196 407 1268 popuii
418 1195 615 1250 omneotiosum
626 1200 727 1264 tempus
739 1196 923 1251 contrivimus?
952 1199 1019 1261 Qua-

226 1291 285 1330 ιιιιιι
309 1291 393 1327 rerum
417 1270 558 1326 recordatio
582 1275 609 1325 et
632 1271 752 1324 memoria
775 1272 797 1325 si
820 1289 871 1325 uua
894 1290 952 1327 oum
975 1273 1018 1328 illo

227 1349 370 1414 occidisset,
383 1347 534 1403 desiderium
546 1347 745 1417 conjunctissimi
761 1353 837 1418 atque
853 1349 1018 1404 amantissimi

227 1425 277 1482 viri
293 1426 360 1482 ferre
378 1425 447 1480 nullo
466 1424 540 1478 modo
558 1442 665 1494 possem.
701 1424 751 1478 Sed
768 1443 815 1478 nec
832 1424 875 1478 illa
892 1426 1019 1482 exstincte

227 1507 296 1569 sunt,
317 1502 420 1557 aluntur
444 1501 528 1572 potius
553 1505 579 1555 et
600 1505 726 1570 nugentur
746 1502 899 1572 cogitatione
918 1508 944 1557 et
966 1521 1018 1557 me-

226 1579 322 1634 morio:
340 1582 375 1643 et,
389 1578 411 1633 si
422 1577 471 1632 illis
488 1577 561 1648 plane
575 1577 679 1632 orbatus
695 1596 784 1644 esseni,
797 1597 915 1650 maguum
931 1586 1018 1637 tomen

226 1655 329 1710 afferret
346 1654 409 1708 mihi
426 1658 488 1708 retus
505 1655 561 1724 ipsa
578 1654 711 1719 solatium3
731 1655 826 1709 diutius
844 1657 911 1710 enim
926 1657 954 1711 in
968 1658 1017 1713 hoo

225 1729 352 1787 desiderio
364 1749 420 1785 esse
435 1748 487 1785 non
502 1749 614 1801 possum,
650 1731 740 1784 Omnia
755 1736 840 1785 autem
858 1732 942 1787 brevio
953 1734 1017 1788 tole·

225 1808 315 1865 rabilis
330 1825 386 1864 esse
398 1808 499 1872 debent,
512 1808 589 1862 etium
600 1806 623 1860 si
637 1825 729 1877 magna
744 1813 812 1862 suut.
849 1810 914 1866 Haec
930 1811 1015 1877 habui,

225 1885 258 1942 de
276 1884 462 1955 amicitiaque
480 1885 597 1939 dicerem.
633 1883 688 1937 Vos
709 1891 794 1938 autem
813 1886 909 1953 hortor,
928 1895 957 1944 ιιι
978 1891 1016 1946 ita

225 1963 350 2018 virtutem
365 1960 461 2027 locetis,
473 1960 527 2015 sine
540 1979 590 2030 qun
605 1961 716 2015 amicitia
732 1980 787 2016 esse
803 1981 855 2018 non
871 1969 964 2035 potest,
977 1973 1016 2034 ut,

224 2057 258 2096 es
269 2043 383 2108 exceptu,
396 2037 459 2094 nihil
470 2037 580 2092 amicitia
591 2037 759 2107 prostabitius
771 2041 876 2110 putetis.
