2575 3367
306 313 351 359 142
432 310 481 357 DE
499 309 652 357 OFFlCllS
671 309 739 356 LIB.
758 310 811 357 111.
829 310 906 358 CAP.
918 312 957 358 33.
1105 238 1109 417 l¹

303 420 384 473 tentia
396 437 529 488 magnum
549 419 593 474 sed
606 419 709 489 perinde
721 419 777 484 erit,
788 422 818 473 nt
832 418 969 488 ecoeperis.
998 420 1080 480 Quam·
1107 420 1109 443 ²

305 515 379 567 quem
391 495 418 549 hi
427 496 474 549 tibi
483 500 535 549 tres
548 495 605 549 libri
616 495 684 549 inter
693 496 806 565 Cratippi
818 495 1020 557 commentarios,
1027 500 1081 546 tam-

306 591 380 640 quam
393 572 514 641 hospites,
528 576 603 625 erunt
619 570 772 640 recipiendi;
791 569 844 635 sed,
857 573 897 636 ut,
909 569 932 623 si
948 571 1002 640 ipse
1013 569 1081 623 venis·

306 667 359 702 som
377 648 498 712 Athenas,
519 646 597 716 (quod
618 647 718 716 quidem
738 649 806 701 esset
824 645 929 710 laetum,
949 647 1001 700 nisi
1019 661 1083 699 mee

306 724 388 778 medio
409 742 486 779 cursu
506 723 574 778 clare
590 740 652 777 vooe
669 723 752 792 petria
771 725 916 777 revocasset
924 723 946 792 ς)
964 720 1084 793 aliquando

307 818 346 853 me
359 817 459 869 quoque
471 798 578 863 audires,
593 799 636 863 sio,
650 799 769 868 qnoniam
784 798 825 851 his
837 797 1010 853 voluminibus
1025 796 1086 850 sdte

307 876 421 945 profecta
441 891 493 927 vox
514 878 555 928 est
576 892 638 941 mea,
657 872 755 928 tribues
775 874 807 927 iis
829 873 954 944 temporis
976 877 1088 945 quantum

307 951 417 1020 poteris:
439 950 535 1020 potoris
556 954 649 1014 sutem,
669 952 791 1020 quantum
814 949 892 1003 voles.
929 950 1018 1008 Quum
1037 966 1088 1003 vero

307 1026 461 1090 intellexero,
472 1028 499 1080 te
510 1026 558 1080 hoo
571 1025 682 1080 scientie
694 1043 786 1096 genere
799 1024 919 1096 gaudere,
930 1028 989 1078 tum
1000 1029 1027 1080 et
1034 1043 1089 1094 pre·

308 1121 366 1156 sens
382 1107 466 1157 tecum
484 1102 635 1172 propediem,
647 1105 678 1155 ut
690 1119 771 1171 spero,
785 1106 812 1155 et
824 1101 886 1155 dum
904 1101 998 1169 aberis,
1009 1102 1089 1156 absens
1114 1126 1115 1132 =

308 1179 403 1249 loquar.
440 1178 504 1232 Vale
522 1178 607 1248 igitur,
620 1177 656 1231 mi
672 1178 769 1244 Cicero,
782 1177 879 1246 tibique
897 1177 1030 1246 persuade,
1043 1193 1089 1231 esse

308 1261 335 1309 to
348 1256 447 1326 quidem
459 1254 520 1308 mihi
537 1253 700 1318 carissimum,
717 1254 761 1307 sed
773 1253 854 1307 multo
866 1251 922 1308 lore
934 1254 1061 1317 cariorem,
1073 1251 1090 1305 si

309 1332 401 1386 talibus
414 1330 582 1385 monumentis
594 1329 777 1400 preceptisque
787 1327 916 1384 laetabere.
