2575 3367
420 315 469 363 DE
487 315 665 364 AMICITIA.
694 317 768 365 caP.
786 320 825 366 22.
987 322 1019 369 65

227 447 283 486 esse
295 433 422 499 capturos.
460 429 503 483 Ita
514 428 685 499 pulcherrima
696 429 739 483 illa
751 434 777 484 et
791 429 897 484 maxime
909 431 1057 491 naturaliao

227 511 314 561 carent
326 505 444 570 amicitia,
457 523 502 575 per
514 523 542 560 se
554 511 581 558 et
593 511 697 575 propter
709 523 737 560 sc
750 505 898 575 expetenda,
912 525 959 561 nec
970 507 1021 577 ipsi

227 582 275 637 sibi
288 581 402 650 exemplo
412 587 480 643 sunt,
492 581 546 636 haec
558 582 596 635 vis
609 582 727 635 amicitiae
737 581 817 652 qualis
830 587 856 636 at
869 589 964 651 quanta
976 584 1018 637 slt.

227 658 287 728 Ipse
303 658 370 712 enim
389 660 536 728 aequisque
553 657 644 728 diligit,
662 676 714 711 non
725 665 755 712 ut
773 658 881 728 aliquam
894 676 909 712 a
921 677 949 713 se
964 659 1019 729 ipse

226 734 368 789 mercedem
386 734 472 804 exigat
493 735 685 798 ariminense,
705 734 750 788 sed
771 733 839 805 qnod
860 753 904 804 per
922 753 949 788 se
970 735 1020 790 sibi

227 811 334 881 quisque
346 828 419 864 carus
432 815 482 863 est.
519 809 655 874 Quodnisi
671 810 736 865 idem
749 811 775 864 in
788 811 923 865 amicitiam
936 816 1019 866 trans-

226 887 330 950 feretur,
350 904 424 940 verus
441 887 536 941 amicus
552 905 690 956 numquam
706 888 854 957 reperietur.
889 887 938 941 Est
950 888 1017 942 enim

226 963 248 1017 is
266 963 367 1033 qnidam
385 968 512 1033 tamquam
531 962 595 1016 alter
607 963 682 1017 idem·
718 963 793 1029 Quod
809 963 832 1018 si
847 964 896 1018 hoc
913 968 1057 1034 apparetsl

226 1040 254 1093 in
273 1039 370 1106 bestiis,
392 1039 543 1104 volucribus,
562 1039 691 1105 nantibus,
710 1039 860 1109 agrestibus,
883 1040 1018 1108 cicuribus,

226 1115 295 1183 feris,
308 1116 416 1185 primum
428 1121 456 1168 ut
468 1134 496 1169 se
508 1115 569 1185 ipsae
581 1116 703 1186 diligant:
725 1115 761 1185 (id
774 1117 839 1170 enim
853 1117 947 1186 pariter
959 1134 1018 1171 cum

226 1192 295 1246 omni
313 1193 441 1246 animante
459 1193 572 1246 nascitur
581 1193 600 1260 ι)
620 1191 719 1254 deinde,
739 1197 769 1246 ut
790 1193 920 1261 requirant
941 1198 1018 1263 atque

226 1271 355 1339 appetant,
375 1267 408 1320 ad
426 1286 488 1337 quas
509 1286 537 1322 se
557 1268 684 1338 applicent
709 1267 823 1336 ejusdem
844 1269 944 1338 generis
966 1268 1019 1324 ani-

226 1348 341 1408 mantes;
364 1343 440 1414 idque
458 1344 555 1398 iaciunt
573 1363 631 1398 cum
648 1343 772 1398 desiderio
789 1348 816 1397 et
834 1362 891 1398 cum
911 1344 1019 1414 quadam

226 1419 391 1475 similitudine
412 1420 504 1474 amoris
525 1420 642 1474 humani:
667 1425 762 1488 quanto
783 1419 809 1473 id
827 1421 908 1488 magis
930 1422 956 1474 in
974 1421 1019 1476 ho·

225 1497 294 1551 minc
312 1497 341 1551 iit
360 1501 460 1562 natura,
478 1496 522 1566 qui
540 1501 566 1550 et
585 1514 612 1550 sc
629 1496 685 1566 ipse
697 1496 787 1568 diligit,
806 1501 833 1550 et
851 1497 958 1550 alterum
975 1515 1019 1552 an-

227 1572 313 1644 quirit,
331 1572 404 1642 cujus
424 1573 533 1626 animum
553 1573 590 1626 ita
607 1591 665 1628 euni
683 1590 730 1627 suo
747 1573 861 1638 misceat,
879 1578 910 1627 ut
928 1573 1019 1629 efficiat

226 1666 298 1720 paene
310 1667 389 1703 unum
402 1666 435 1702 ex
447 1648 566 1703 dnobus?

221 1759 223 1764 ·
261 1725 351 1779 XXII.
371 1725 421 1778 Sed
438 1725 551 1795 plerique
568 1743 693 1794 perverse,
706 1744 739 1779 ne
751 1725 833 1780 dicam
850 1727 1018 1797 impudenter,
1028 1735 1060 1783 82

227 1802 336 1857 amicum
351 1800 444 1856 babere
456 1801 533 1855 talem
549 1800 645 1864 volunt,
660 1801 746 1871 quales
758 1802 807 1871 ipsi
822 1820 878 1856 esse
896 1821 947 1856 non
963 1821 1020 1873 pos·

226 1882 304 1934 sunt:
323 1896 428 1948 quaque
445 1878 493 1948 ipsi
509 1895 560 1931 non
573 1876 690 1931 tribuunt
706 1878 800 1941 amicis,
813 1878 868 1932 hac
884 1878 915 1933 ab
928 1880 964 1933 eis
976 1879 1021 1934 de·

226 1955 347 2010 siderant.
384 1955 492 2008 Pareat
513 1958 606 2017 autem,
626 1955 735 2024 primum
756 1955 839 2024 ipsum
862 1973 918 2009 esse
936 1956 1020 2010 virum

226 2031 329 2096 bouum,
346 2035 401 2084 tum
419 2030 526 2084 alteram
543 2030 649 2084 similem
662 2031 701 2084 sui
720 2048 840 2099 quarere.
877 2034 909 2084 In
925 2032 1019 2087 talibus

226 2126 264 2176 ea,
276 2125 352 2177 qaam
362 2106 513 2176 jamdudum
525 2111 673 2170 tractamus,
687 2106 813 2160 stabilitas
830 2108 947 2162 amicitia
959 2126 1020 2163 ccu-

227 2185 321 2239 firmari
339 2187 432 2253 potest,
452 2202 529 2252 quum
547 2183 662 2236 homines
683 2183 859 2237 benevolentia
880 2186 1018 2253 conjuncti,

226 2261 336 2331 primum
355 2259 538 2330 cupiditatibus
559 2259 598 2324 iis,
618 2259 711 2329 quibus
732 2261 811 2313 ceteri
831 2262 953 2327 serviunt,
972 2262 1020 2317 im·

226 2335 359 2407 perabunt,
379 2336 469 2390 deinde
487 2336 606 2407 aequitate
621 2336 773 2404 justitiaque
790 2337 946 2407 gaudebunt,
966 2357 1020 2393 om·

226 2413 318 2483 niaque
335 2412 399 2467 alter
411 2430 457 2482 pro
474 2412 554 2466 altero
572 2412 702 2482 suscipiet,
713 2431 796 2481 neque
812 2413 948 2484 quidquam
965 2434 1019 2469 um·

227 2507 303 2561 quam
319 2488 368 2543 nisi
385 2489 520 2544 honestum
539 2493 566 2543 et
583 2493 683 2543 rectum
701 2489 765 2543 alter
782 2488 814 2542 ab
832 2491 912 2543 altero
931 2497 1019 2558 postu·

226 2566 305 2632 labit3
323 2584 405 2636 neque
417 2565 498 2620 solum
508 2565 592 2620 colent
604 2566 671 2620 inter
683 2583 711 2619 se
722 2583 752 2618 ac
764 2564 878 2634 diligent,
887 2565 931 2618 sed
941 2567 1019 2620 etiam

227 2642 392 2697 verebuntur.
422 2642 490 2695 Nam
502 2641 638 2695 maximum
652 2645 827 2695 ornamentum
841 2641 958 2694 amicitiae
970 2642 1019 2696 tol-

226 2720 265 2786 lit,
284 2717 379 2789 quiex
396 2735 427 2773 ea
443 2717 513 2772 tollit
531 2716 717 2772 verecundiam.
753 2716 846 2784 Itaque
868 2717 894 2770 in
913 2717 943 2770 iis
962 2735 1057 2786 per-⁸3

226 2794 339 2851 niciosus
360 2797 400 2849 eat
421 2812 499 2859 error,
518 2792 563 2864 qui
583 2792 730 2847 existimant
750 2790 883 2846 libidinum
904 2797 1018 2859 pcccato-

224 2887 335 2942 rumque
343 2869 457 2926 omnium
469 2872 556 2942 patere
567 2869 596 2924 in
603 2868 715 2924 amicitia
725 2867 860 2924 licentiam.
888 2868 1019 2924 Virtutum

619 2960 635 3000 n
