2575 3367
263 305 278 350 8
545 303 594 351 DE
613 301 767 349 omens

261 411 359 466 ciorum
371 427 465 479 genera
476 414 630 466 nascuntur:
649 410 720 466 velut
732 429 764 466 er
776 428 806 464 ea
817 412 897 480 parte,
908 427 964 480 quse
973 410 1055 478 prima

264 487 392 557 descripta
403 494 451 552 est,
459 487 485 540 in
496 505 546 557 qna
558 487 707 556 sapientiam
719 492 746 541 et
758 487 917 557 prudentiam
929 487 1055 556 ponimns,

263 564 330 618 inest
342 561 471 633 indagatio
484 566 561 632 atque
573 562 686 617 inventio
695 564 764 628 veri3
783 563 888 632 ejusque
896 562 1000 617 virtutis
1007 563 1056 617 hoc

228 654 357 700 lemunus
366 645 407 693 est
418 639 558 709 proprium.
590 639 630 693 Ut
642 640 708 694 enirn
721 640 828 709 quiaque
840 639 949 693 maxime
961 641 1058 709 perspi-

265 714 309 780 cit,
319 714 380 785 quid
391 715 419 768 in
430 733 457 770 re
470 732 571 784 quaque
583 715 741 769 verissimum
754 717 796 780 sit,
807 715 900 784 quique
912 716 1057 769 acutissime

266 794 293 845 et
311 790 440 845 celerrime
458 794 543 858 potest
561 790 686 845 stridere
703 795 730 846 et
748 791 874 860 explicare
890 791 1058 858 rationem‚is

268 866 478 937 prudentissimus
491 871 518 921 et
530 867 732 936 sapientissimus
739 867 788 920 rito
797 866 884 921 haberi
896 866 967 920 solet.
986 867 1059 926 Quo·

244 947 246 951 '
268 942 336 997 circa
346 941 412 1006 huic,
426 941 498 1012 quasi
515 942 628 1008 materia,
642 960 717 1012 qnam
729 946 824 997 tractet
836 946 862 997 et
874 942 901 996 iu
913 961 964 1012 qua
974 961 1059 997 verse-

232 1023 321 1084 17tur‚
334 1019 449 1088 subjecta
464 1022 504 1072 cst
516 1019 617 1074 veritas.
655 1019 770 1090 Reliquis
786 1024 871 1074 autem
883 1020 965 1074 tribus
978 1021 1059 1074 virtu-

270 1096 340 1150 tibus
357 1095 522 1150 necessitates
540 1095 676 1165 propositae
694 1096 799 1153 suntad
816 1114 859 1151 eas
877 1114 918 1150 res
935 1096 1059 1165 parandas

270 1170 434 1241 tuendasque,
444 1171 536 1240 quibus
548 1172 614 1226 aetio
624 1172 684 1226 ritae
695 1173 856 1226 continetur:
873 1176 904 1225 ut
913 1176 940 1225 et
951 1172 1059 1225 societas

270 1247 399 1302 hominum
417 1247 612 1317 conjunctioque
632 1252 755 1312 servetur,
774 1251 801 1302 et
818 1248 894 1301 animi
912 1247 1060 1302 excellentia

270 1322 468 1394 magnitudoque
480 1341 558 1394 quum
569 1324 597 1377 in
608 1323 730 1395 augendis
748 1323 838 1393 opibus
855 1323 1060 1393 utilitatibusque

271 1405 297 1453 et
309 1399 396 1454 sibiet
408 1399 461 1453 suis
473 1400 655 1468 comparandis,
663 1404 717 1453 tum
730 1399 811 1453 multo
820 1399 901 1467 magis
913 1399 985 1452 iuhis
997 1399 1060 1468 ipsis

270 1475 437 1544 despiciendis
449 1475 555 1529 eluceat.
591 1475 662 1528 Ordo
674 1478 759 1528 antem
771 1479 798 1528 et
810 1475 953 1528 constantia
968 1479 995 1528 et
1007 1494 1061 1529 mo-

226 1608 231 1615 ,
270 1550 367 1606 doratio
386 1554 413 1604 et
433 1567 470 1615 ea,
491 1568 547 1620 quse
568 1554 629 1604 sunt
648 1551 688 1603 his
709 1549 807 1613 similia,
826 1554 961 1604 versantur
980 1550 1008 1604 in
1029 1569 1060 1605 eo

269 1644 370 1697 genere,
379 1625 411 1679 ad
423 1625 490 1695 quod
500 1625 642 1680 adhibenda
653 1630 694 1680 est
705 1626 772 1679 sotio
784 1626 905 1695 quedam,
914 1643 965 1679 non
978 1627 1058 1680 solum

269 1703 363 1758 mentis
381 1701 495 1772 agitatio.
530 1702 581 1756 His
605 1703 671 1756 enim
693 1701 777 1767 rebus,
795 1720 851 1771 quae
871 1706 1014 1756 tractantur
1032 1705 1061 1757 in

271 1779 330 1844 vita,
344 1778 446 1832 modum
458 1777 590 1849 quemdam
604 1789 631 1834 et
644 1777 759 1833 ordinem
775 1778 931 1846 adhibentes,
942 1779 1061 1833 honesta·

270 1861 322 1911 tem
335 1859 362 1910 et
374 1854 450 1908 docus
462 1855 675 1910 conservabimus.

234 1935 265 1981 la
306 1931 355 1986 VI.
374 1931 414 1985 Ex
423 1934 533 2000 quatuor
541 1935 626 1985 autem
637 1930 825 2002 locis,inquos,
834 1931 934 1985 honesti
943 1934 1061 1985 naturam

271 2009 372 2079 vimque
383 2006 522 2075 divisimus,
532 2007 628 2077 primus
640 2007 691 2075 ille,
700 2009 743 2078 qui
755 2009 783 2062 in
794 2011 848 2062 ueri
858 2011 994 2080 capnitionc
1002 2025 1062 2060 con·

271 2085 347 2148 sistit,
360 2083 468 2138 manime
479 2088 594 2138 naturam
608 2084 713 2156 attingit
725 2085 867 2138 humanam.
890 2084 985 2137 Omnes
995 2084 1061 2136 enim

273 2160 397 2213 trahimur
408 2164 435 2213 et
447 2159 563 2214 ducimur
571 2161 603 2214 ad
615 2162 768 2230 cognitionis
780 2164 807 2214 et
819 2160 930 2214 scientiae
939 2158 1062 2229 cupidita·

273 2240 342 2291 tem:
361 2237 388 2290 in
400 2254 451 2306 qua
462 2238 584 2292 excellere
602 2238 735 2307 pulchrum
748 2243 884 2308 putamus:
901 2236 951 2290 labi
968 2240 1061 2300 autern,

274 2331 366 2376 errare,
379 2313 484 2378 nescire,
498 2313 588 2381 decipi,
600 2318 627 2368 et
638 2315 732 2370 malum
744 2318 771 2368 et
783 2318 859 2383 turpe
873 2313 995 2367 ducimus.
1030 2314 1063 2366 In

274 2389 323 2442 hoc
340 2406 441 2459 genere,
460 2391 487 2443 et
507 2389 617 2443 naturali
636 2395 664 2444 et
681 2387 797 2455 honesto,
814 2389 864 2443 duo
882 2390 944 2444 vitia
960 2389 1064 2443 mtauda

275 2468 350 2520 sunt:
369 2482 455 2529 unum,
466 2483 498 2519 ne
506 2465 636 2534 incognita
644 2481 691 2535 pro
702 2467 811 2535 cognitis
821 2466 964 2530 habeamus,
974 2465 1064 2535 hisque

274 2547 370 2596 temere
391 2541 574 2595 assentiamus:
593 2542 661 2610 quod
681 2543 771 2596 vitium
793 2543 905 2612 effugere
925 2542 969 2611 qui
986 2546 1062 2607 volet,

277 2619 376 2686 (ornnes
388 2621 473 2672 autem
487 2616 549 2672 velle
562 2616 675 2686 debent)
689 2618 818 2673 adhibebit
830 2618 862 2672 ad
871 2617 1064 2673 considerandas

202 2717 207 2728 1
238 2701 316 2748 19res
328 2698 356 2749 et
364 2699 466 2763 tempus
478 2697 504 2747 et
513 2692 677 2763 diligentiam.
709 2694 825 2748 Alterum
839 2699 879 2748 est
888 2694 986 2758 vitium,
996 2694 1065 2764 qnod

276 2769 376 2839 quidam
394 2769 469 2824 nimis
487 2787 605 2840 maguum
624 2770 736 2824 studium
754 2771 910 2840 multamque
922 2789 1023 2840 operam
1038 2772 1065 2825 in

276 2863 317 2900 res
328 2845 449 2901 obscuras
466 2849 542 2917 sique
560 2844 674 2902 difficiles
691 2847 834 2912 conferunt,
846 2846 997 2917 emdemque
1013 2865 1067 2901 non
