2575 3367
412 351 460 401 DE
479 350 655 402 AMICITIA.
685 352 760 403 cAP.
770 356 793 411 2,
806 355 829 402 ³.
985 355 1017 404 8⁰

223 477 282 514 enm
305 459 407 530 quidem
427 462 504 516 etiam
528 463 653 533 Apollinis
676 463 778 518 oraculo
802 462 1017 534 sapientissimum

218 535 371 605 judicatum.
409 539 484 593 Hano
499 557 556 593 esse
573 540 600 593 in
612 542 639 594 te
655 540 805 610 sapientiam
817 540 973 606 existimant,
985 544 1017 596 ut

222 612 308 666 omnia
319 617 365 667 tna
376 614 403 667 in
413 619 441 669 te
453 615 537 685 posita
548 615 634 681 ducas,
646 616 820 688 humanosque
833 634 907 671 casus
919 617 1017 673 vimnts

221 688 354 743 inferiores
365 694 450 759 putes.
486 693 578 762 Itaque
590 710 622 746 ex
633 711 674 747 mo
686 697 811 763 quarunt,
823 692 898 747 oredo
910 692 972 747 item
983 711 1017 749 ax

222 763 271 819 hoo
287 765 424 836 [Soavola]
443 785 552 837 quonam
573 773 649 840 paoto
669 773 778 823 mortem
799 769 912 823 Africani
932 769 1014 824 ieras:

222 857 303 911 eoquo
315 843 403 913 magis,
417 843 485 913 qnod
502 844 542 898 his
555 844 678 915 proximis
690 845 780 909 Nonis,
794 863 872 915 quum
888 845 915 899 in
927 845 1015 901 hortos

223 916 256 971 D.
267 918 343 972 Bruti
355 919 458 990 angoris
476 921 663 976 oommentandi
679 939 762 985 oausa,
776 925 806 976 ut
819 922 920 987 assolet,
933 922 1016 977 veum·

222 1010 316 1059 semus,
330 999 360 1049 tu
371 1013 423 1049 non
441 995 553 1062 adfuisti,
566 998 611 1067 qai
630 996 821 1068 diligentissime
834 1016 933 1068 semper
944 998 1016 1054 illum

222 1069 287 1124 diem
298 1075 325 1125 et
337 1071 400 1126 illud
411 1091 504 1128 munus
516 1074 606 1128 solitus
619 1092 688 1128 esses
700 1073 779 1128 obire.

258 1147 399 1202 aennon.
417 1148 544 1208 Quemne
556 1149 666 1221 quidem,
681 1150 710 1204 C.
719 1150 790 1217 Lali,
803 1149 885 1216 multi,
901 1154 932 1206 ut
948 1154 988 1206 est
1001 1160 1043 1206 a&

222 1221 321 1277 Fannio
335 1223 450 1279 dietum:
470 1226 514 1280 sed
535 1244 583 1296 ego
604 1226 629 1280 id
649 1226 795 1295 respondeo,
818 1225 887 1295 quod
906 1227 1016 1281 animad-

222 1299 296 1365 verti,
308 1304 335 1355 ts
348 1300 467 1366 dolorem,
481 1321 556 1373 quem
568 1303 695 1371 aeceperis
708 1320 785 1372 quum
798 1303 891 1356 summi
900 1303 947 1357 viri
959 1308 1016 1358 tum

222 1375 367 1430 amicissimi
376 1383 465 1442 morte,
476 1380 543 1432 ferro
552 1378 697 1443 moderate;
710 1395 757 1431 neo
764 1377 878 1447 potuisse
886 1396 938 1431 non
950 1395 1017 1433 oom-

222 1453 327 1518 movari,
342 1471 389 1508 noo
400 1454 481 1508 fuisse
492 1454 519 1508 id
531 1454 696 1509 humanitatis
708 1459 774 1508 tuae:
794 1452 861 1523 quod
874 1457 959 1508 autem
974 1453 1015 1510 his

210 1526 308 1602 *Nonis
331 1529 358 1583 in
382 1529 488 1602 collegio
508 1535 596 1586 nostro
619 1548 672 1585 non
692 1530 823 1595 adfuisses,
847 1529 1015 1587 valetudinem

223 1621 333 1668 oausam,
346 1624 398 1661 non
409 1609 553 1663 mestitiam
566 1608 653 1663 luisse.

258 1681 377 1739 Ismarus.
405 1685 486 1739 Reote
505 1690 536 1739 tu
557 1685 666 1756 quidem,
686 1683 804 1748 Scaevola,
824 1687 850 1738 et
869 1702 943 1739 vere:
966 1700 1015 1740 neo

223 1757 291 1813 enim
309 1757 340 1813 ab
358 1759 409 1814 isto
421 1760 509 1825 officio,
524 1759 592 1830 quod
605 1778 705 1828 semper
718 1760 846 1829 usurpavi,
859 1779 936 1830 quum
948 1760 1016 1814 vale·
1087 1763 1090 1771 '

223 1852 285 1898 ram,
299 1834 391 1890 abduoi
407 1836 565 1892 incommodo
581 1854 638 1890 meo
654 1835 737 1899 debui,
751 1853 797 1889 neo
815 1835 867 1888 ullo
879 1853 938 1890 oasu
951 1835 1015 1889 arbi·

223 1915 279 1964 tror
290 1912 338 1966 hoo
350 1915 477 1967 oonstanti
495 1912 591 1966 homini
608 1930 683 1982 posse
701 1911 855 1980 contingere,
869 1919 899 1964 ut
914 1910 966 1964 ulla
977 1911 1015 1965 in·

222 1988 349 2042 tenuissiu
361 1989 406 2043 flat
417 1989 499 2044 officii.
525 1989 565 2044 Tu
578 1994 670 2053 autem,
683 1989 771 2052 Fanni,
785 1988 830 2057 qui
840 1987 902 2042 mihi
914 1990 1039 2045 tantum9

222 2063 303 2118 tribui
315 2064 384 2129 diois,
398 2070 522 2136 quantum
535 2083 583 2136 ego
595 2083 642 2119 neo
650 2082 759 2134 agnosco
771 2081 818 2117 neo
830 2063 939 2133 postulo,
952 2063 1015 2118 lacis

223 2141 317 2195 arnico:
337 2140 388 2206 sed,
397 2146 428 2195 ut
440 2142 501 2196 mihi
510 2142 609 2206 videris,
620 2160 671 2195 non
681 2145 749 2194 reeta
759 2140 858 2211 judicas
868 2139 899 2195 de
909 2140 1015 2194 Catone.

223 2217 278 2270 Aut
290 2216 357 2270 enirn
368 2234 449 2285 nemo,
462 2218 529 2288 quod
542 2217 642 2289 quidem
656 2217 735 2285 magis
748 2217 831 2281 oredo,
845 2219 897 2282 aut,
911 2216 934 2271 si
947 2216 1016 2287 quia·

223 2310 307 2364 quam,
326 2291 368 2347 ille
389 2294 488 2364 sapiens
509 2294 567 2348 fuit.
612 2293 755 2358 Quomodo,
772 2296 803 2348 ut
823 2293 871 2347 alia
891 2293 1015 2359 omittam,

222 2375 330 2422 mortem
348 2368 392 2423 filii
404 2370 481 2424 tulit!
501 2370 668 2424 Memineram
682 2370 808 2434 Paullum,
826 2370 938 2426 videram
957 2369 1016 2424 Gal-

223 2444 291 2499 lum:
310 2443 355 2499 sed
367 2445 394 2499 hi
405 2445 432 2499 in
441 2446 543 2516 pueris3
563 2446 662 2501 Oatoin
671 2447 818 2518 perfeetoet
827 2450 942 2515 spectato
951 2445 1014 2500 viro.

223 2520 395 2581 Quamobrem
415 2539 475 2576 cave
496 2522 589 2576 Catoni
609 2527 748 2594 anteponas
764 2541 798 2577 ne
816 2523 894 2576 istum
914 2521 1016 2592 quidem
1026 2534 1056 2580 10

223 2597 316 2668 ipsum,
336 2616 409 2668 quem
424 2598 523 2669 Apollo,
536 2603 566 2653 ut
585 2599 629 2666 ais,
648 2598 861 2670 sapientissimum
876 2597 1016 2668 judioavit:

222 2674 299 2746 hujus
311 2675 377 2729 enim
390 2674 464 2739 lauta,
477 2674 545 2729 illins
557 2675 626 2731 diota
637 2676 780 2731 laudantur.
816 2674 858 2728 De
870 2692 910 2729 mo
922 2679 1017 2741 autem,

221 2754 252 2806 ut
260 2754 316 2821 jam
329 2769 385 2806 oum
398 2756 509 2822 utroquo
521 2752 616 2822 loquar,
629 2754 667 2807 sie
678 2752 806 2807 habetote.

257 2828 313 2882 Ill.
331 2827 396 2898 Ego,
415 2828 437 2882 si
454 2828 579 2898 Scipionis
597 2829 721 2883 desiderio
740 2846 781 2882 me
802 2825 898 2881 moveri
917 2841 1054 2896 negem,11

224 2921 301 2976 quam
309 2902 336 2960 id
347 2910 417 2961 roste
425 2904 524 2972 fariam
533 2904 643 2961 viderint
652 2906 797 2977 sapientes3
816 2904 861 2959 sed
870 2908 940 2959 oorts
947 2920 1018 2958 men-
