2575 3367
388 335 437 383 DE
456 334 673 383 sannorum
707 335 781 384 csP.
794 338 817 393 3,
829 338 853 385 l.
1002 340 1018 386 ὅ

227 442 357 498 Moderati
380 444 493 498 enimet
515 441 697 498 neodiffioiles
720 460 768 498 neo
791 441 923 497 inhumani
945 459 1019 497 senes

226 520 384 577 tolerabilem
399 524 557 576 senectutem
575 525 672 590 agunt:
694 520 872 590 importunitas
888 524 975 575 sutem
991 523 1019 574 et

227 597 398 652 inhumanitas
410 597 478 652 omni
490 597 560 652 atati
572 596 679 652 molesta
689 605 738 652 est.

264 674 337 727 Lmn
353 672 409 739 Est,
420 677 450 727 ut
465 670 535 741 diois,
548 674 627 740 0ato;
655 672 700 727 sed
717 673 826 727 fortasse
841 670 934 726 dixerit
951 669 1043 740 quiet

227 751 303 820 piam,
322 749 371 805 tibi
389 753 493 821 propter
510 767 571 821 opes
588 753 616 805 et
634 749 720 821 oopias
737 753 764 804 et
780 749 930 820 dignitatem
947 753 1019 804 tuam

227 823 422 881 tolerabiliorem
438 829 596 882 senectutem
613 825 708 893 videri3
730 825 757 882 id
773 830 860 882 autem
876 843 928 881 non
944 842 1019 899 posse

227 901 316 957 multis
328 900 482 973 oontingere·

264 980 326 1033 Osa.
344 976 785 1049 Estistuoquidem,Isoeli‚aliquid;
803 976 849 1033 sod
860 995 1019 1049 nequequam

227 1055 255 1109 in
273 1053 325 1109 isto
345 1057 406 1108 sunt
424 1054 524 1108 omnia:
548 1057 579 1108 ut
598 1053 780 1109 Themistocles
801 1053 884 1108 fertur
902 1054 1018 1124 Seriphio

227 1127 329 1183 cuidam
345 1128 374 1183 in
386 1127 472 1200 jurgio
489 1128 656 1199 respondisse,
675 1147 753 1201 quum
770 1128 813 1184 ille
830 1128 944 1195 dixisset,
965 1145 1018 1183 non

226 1222 285 1259 eum
298 1223 352 1268 sua,
365 1203 410 1259 sed
421 1203 510 1275 patria
525 1204 606 1274 gloria
620 1204 779 1275 splendorem
795 1207 953 1260 assecutum:
972 1221 1019 1258 aee

226 1279 335 1340 terrea
351 1279 479 1351 inquitet
493 1297 537 1351 epo
551 1281 692 1352 »Seriphius
708 1299 790 1346 eaxan,
803 1280 905 1346 meddin,
918 1297 964 1333 nee
980 1288 1019 1347 tu,

226 1357 252 1409 ai
268 1357 435 1410 Atlreniemia
454 1373 523 1424 maes,
544 1358 632 1410 amram
651 1374 778 1427 umquam
790 1356 900 1428 fatuea.
940 1353 1018 1414 Quod

227 1430 316 1486 eodem
327 1431 403 1486 modo
419 1430 451 1486 da
467 1435 599 1486 senectute
617 1435 704 1503 potest
715 1432 774 1489 diei.
809 1431 901 1503 Neque
912 1430 979 1487 enim
991 1430 1019 1485 in

227 1525 327 1563 summa
344 1508 429 1575 inopia
445 1507 509 1563 lovis
529 1526 585 1564 esse
605 1513 724 1565 senectus
744 1512 838 1580 potest,
858 1526 891 1563 ne
910 1508 1019 1578 sapienti

227 1583 345 1654 quidem:
361 1601 410 1639 neo
420 1582 551 1654 insipienti
566 1584 644 1639 otiam
655 1585 683 1641 in
701 1604 799 1641 summa
810 1585 883 1657 oopia
897 1602 949 1640 non
960 1603 1019 1654 gra·

228 1659 275 1715 vis.
311 1658 453 1729 Aptissima
471 1658 573 1715 omniuo
591 1666 660 1729 sunt,
673 1661 757 1732 Scipio
773 1665 801 1717 et
816 1661 888 1727 Loeli,
901 1678 970 1716 arma
981 1668 1043 1717 sea

226 1735 339 1790 neotutis
351 1738 419 1790 artes
431 1735 677 1807 exercitationesque
689 1737 821 1802 virtutum,
834 1755 898 1808 quae,
910 1736 1018 1792 inomni

226 1815 304 1866 etate
328 1810 411 1877 cultae,
433 1829 513 1883 quum
533 1811 642 1866 multum
663 1810 758 1884 diaqne
777 1812 878 1878 vixeris,
899 1811 1018 1867 mirilioos

226 1888 337 1943 efferunt
349 1887 457 1954 fruetus
470 1905 522 1943 non
533 1886 615 1943 solum
627 1889 688 1959 quia
697 1907 836 1958 numquam
848 1888 976 1953 deserunt,
986 1906 1019 1945 ne

226 1964 254 2018 in
265 1967 380 2019 extremo
389 1963 489 2034 quidem
501 1967 616 2035 tompore
628 1965 720 2031 atatis,
731 1967 893 2036 (quamquam
902 1963 929 2020 id
940 1963 1020 2020 maxi·

227 2057 298 2095 mum
309 2039 369 2108 est,)
382 2057 470 2095 rerum
482 2039 569 2104 etiam,
578 2039 638 2111 quia
649 2041 804 2096 oonsoientie
814 2039 879 2095 bene
887 2042 950 2096 acts
958 2039 1019 2095 vite

227 2115 416 2186 multorumque
424 2114 615 2171 benelaotorum
626 2116 769 2172 recordatio
778 2115 962 2187 jucundissima
969 2121 1018 2172 est.

261 2191 311 2246 IV.
331 2191 387 2262 Ego
406 2191 437 2257 Q.
449 2191 600 2257 Maximum
618 2209 684 2258 eum,
700 2192 744 2264 qui
761 2193 899 2247 Tarentum
914 2193 1017 2263 recepit,
1028 2205 1059 2252 1⁰

226 2265 373 2322 edolesoens
384 2265 422 2321 ita
433 2266 509 2322 dilexi
521 2284 614 2333 senem,
624 2272 655 2322 ut
670 2269 800 2339 equalem.
836 2269 900 2324 Erat
912 2268 980 2325 enim
991 2269 1019 2325 in

226 2341 269 2398 illo
281 2342 337 2398 viro
348 2343 468 2398 oomitate
484 2341 586 2398 oondita
601 2344 722 2414 gravitas,
734 2363 783 2401 neo
799 2348 918 2400 soneotus
934 2363 1018 2402 mores

226 2422 386 2474 mutaverat:
405 2436 557 2490 quamquam
568 2437 627 2474 eum
642 2420 725 2476 oolere
736 2421 801 2492 ooepi
815 2439 868 2476 non
883 2421 1018 2477 admodum

226 2493 348 2566 grandem
361 2499 432 2562 natu,
445 2494 491 2550 sed
502 2498 588 2550 tamen
595 2499 651 2567 jam
662 2501 738 2553 aetate
750 2501 906 2568 proveetum.
942 2499 1018 2553 Anno

227 2575 295 2631 enim
307 2578 366 2645 post
377 2575 466 2631 oonsnl
478 2575 586 2646 primum
598 2577 691 2642 fuerat,
704 2594 780 2647 quam
796 2593 844 2646 ego
856 2579 933 2630 natus
944 2594 1017 2642 sum;

227 2668 335 2722 eumque
356 2668 386 2706 eo
407 2655 526 2722 quartum
546 2651 649 2707 oonsule
669 2651 871 2707 adolesoentulus
892 2651 964 2706 miles
985 2650 1018 2706 ad

227 2727 337 2798 llapuam
351 2727 480 2796 profectus
492 2745 549 2782 sum
568 2728 708 2798 quintoque
724 2744 790 2782 anno
805 2730 865 2796 post
881 2725 914 2780 nd
926 2728 1020 2781 'laran-

226 2806 290 2858 tum.
326 2802 448 2862 Quantor
468 2801 558 2858 deinde
579 2802 744 2874 quadriennio
764 2806 824 2872 post
843 2801 927 2857 faetus
946 2820 1019 2859 sumi

227 2896 304 2948 quem
324 2878 502 2950 magistratum
522 2880 591 2950 gessi
613 2878 759 2934 oonsulibus
777 2877 904 2937 Tuditano
924 2883 951 2934 et
973 2880 1020 2934 Oe-

228 2955 314 3021 tropo,
328 2971 406 3021 quum
419 2953 521 3023 quidem
536 2953 586 3019 ille,
599 2953 736 3010 admodum
752 2953 1033 3021 senomsuaaorteq'ps
