2575 3367
267 306 299 353 82
557 303 605 350 Da
625 303 778 354 oculeus

272 413 317 468 sed
329 412 410 467 vitm
424 412 502 468 etiam
522 412 674 482 profundere
693 431 739 483 pro
762 413 845 484 patria
868 414 955 484 parati
974 419 1057 478 mem,

271 490 348 543 iidem
366 489 453 561 gloria
468 489 594 560 jacturam
612 507 644 543 ne
662 490 789 543 minimam
804 489 906 560 quidem
920 490 1059 547 lacerand-

265 564 331 632 lent,
347 586 380 622 ne
392 566 521 637 republica
533 564 634 637 quidem
651 565 811 635 postulante:
835 570 865 620 ut
879 567 1058 632 Callicratidan,

269 645 313 713 qui
326 663 403 716 quum
416 641 664 698 Lacedaemoniorum
678 640 729 696 dux
746 642 838 696 funset
850 642 1059 713 Peloponnesium

272 718 344 786 bello,
366 719 497 790 multaque
518 718 621 772 fecisset
642 718 752 788 egregie,
773 718 852 772 vertit
870 718 903 773 ad
923 726 1059 776 extreman

268 797 361 861 omnia,
375 814 453 866 quum
466 794 570 849 consilio
582 812 634 848 non
646 797 732 865 paruit
750 811 845 858 eorum,
859 795 903 864 qui
916 796 1023 853 classem
1033 794 1061 851 ab

268 871 418 943 Arginussis
428 871 616 935 removendam,
629 888 677 925 neo
695 888 754 926 cnm
772 870 976 928 Atheniensibus
996 872 1060 928 dini·

268 948 376 1002 candum
387 946 519 1019 putabant.
542 947 640 1012 Quibus
650 946 692 1001 ille
702 946 840 1016 respondit,
850 947 1060 1013 Lacedaemonios,

268 1024 348 1078 classe
359 1024 403 1078 illa
414 1024 513 1088 amissa,
527 1023 599 1077 aliam
613 1041 701 1092 parare
713 1041 796 1093 posse,
810 1041 838 1077 se
849 1023 940 1094 fugere
953 1027 1009 1081 sine
1020 1041 1061 1080 auo

271 1098 393 1155 dedecora
404 1118 456 1154 non
468 1117 551 1170 posse.
588 1101 674 1170 Atque
688 1100 742 1154 haec
754 1098 855 1170 quidem
867 1099 1062 1157 Lacedaemoniis

270 1176 345 1248 plaga
357 1177 507 1231 mediocris:
525 1174 568 1229 illa
580 1175 708 1244 pestifera,
722 1193 866 1246 quaquam
878 1175 1060 1242 cleombrotn

270 1253 390 1308 iuvidiam
407 1253 508 1318 timens,
522 1257 618 1306 temere
632 1270 690 1306 cum
708 1251 884 1321 Epaminonda
901 1255 1061 1318 conflixisset,

269 1329 518 1385 Lacedaemoniorum
536 1347 597 1399 opes
616 1331 774 1383 corruerunt.
810 1329 913 1394 Quanto
930 1331 966 1391 Q.
982 1329 1062 1387 Maxi-

269 1426 327 1462 mus
339 1407 444 1462 melius!
464 1406 495 1462 de
508 1423 558 1477 quo
570 1405 684 1460 Ennius:

329 1536 395 1581 Unus
405 1536 474 1580 homo
483 1535 550 1581 nobis
559 1534 693 1580 cunctando
701 1534 804 1580 restitnit
813 1548 870 1582 rem.

235 1604 238 1608 '
329 1600 383 1645 Non
392 1601 492 1658 ponebat
501 1601 562 1646 enim
573 1614 675 1646 rumores
685 1605 739 1645 ante
749 1601 856 1648 satutem

329 1665 393 1722 Ergo
402 1671 501 1723 postque
511 1666 632 1723 magisque
642 1665 687 1710 viri
697 1678 759 1710 nunc
768 1665 843 1723 gloria
852 1666 932 1714 claret.

270 1771 350 1831 Quod
361 1789 441 1842 genus
453 1769 574 1841 peccandi
592 1769 724 1825 vitandum
741 1773 781 1825 est
799 1771 877 1826 etiam
888 1771 916 1826 in
933 1772 1011 1830 rebus
1022 1792 1062 1829 ur·

270 1848 350 1903 banis.
379 1849 446 1902 Snnt
458 1847 532 1912 enim,
546 1846 596 1917 qui,
610 1847 677 1918 qnod
690 1848 811 1912 sentiunt,
824 1847 875 1902 etsi
882 1849 1009 1918 optimum
1021 1851 1062 1917 sit,

269 1929 356 1979 tamen
367 1923 467 1979 invidiae
479 1927 550 1978 metu
561 1941 613 1977 non
624 1922 719 1978 audent
730 1921 821 1978 dicere.

227 2005 258 2053 85
306 2001 389 2055 XXV.
399 2001 516 2066 Omnino,
525 2000 567 2072 qui
578 2000 722 2070 reipublicae
729 1999 938 2070 praefuturisunt,
946 1999 1064 2058 duoPla·

270 2079 338 2132 tonis
350 2082 477 2149 praecepta
488 2080 608 2133 teneant:
628 2095 715 2144 unum,
727 2080 758 2131 nt
769 2076 908 2131 utilitatem
920 2077 1014 2132 civium
1027 2078 1064 2134 sic

270 2156 398 2218 tueantur,
412 2159 449 2218 ut,
463 2171 627 2225 quaecumque
640 2158 728 2224 agunt,
741 2152 774 2207 ad
790 2171 844 2207 eam
857 2152 976 2218 referant,
990 2154 1064 2209 obliti

270 2229 458 2283 commodorum
476 2246 595 2283 auomm:
613 2228 729 2295 alterum,
750 2232 780 2284 ut
801 2234 884 2283 totum
905 2246 998 2299 corpus
1014 2230 1064 2284 rei·

270 2303 377 2374 publicae
393 2307 489 2369 curent,
503 2323 542 2369 ne,
556 2305 617 2358 dum
633 2310 732 2375 partem
751 2305 860 2377 aliquam
878 2309 992 2371 tuentur,
1005 2306 1063 2360 reli·

271 2397 333 2450 quas
344 2378 468 2433 deserant.
486 2381 525 2434 Ut
538 2381 605 2434 enirn
617 2382 706 2445 tutela,
717 2382 753 2436 sic
765 2383 909 2452 procuratio
918 2383 1063 2454 reipublice

271 2455 303 2510 ad
315 2454 452 2509 utilitatem
465 2473 560 2521 eorum,
574 2457 619 2527 qui
636 2457 764 2512 commissi
776 2464 844 2523 sunt,
858 2477 910 2513 non
921 2459 954 2513 ad
965 2477 1062 2525 eorum,

271 2531 362 2604 quibus
384 2531 516 2586 commissa
533 2536 581 2597 est,
600 2533 711 2603 gerenda
728 2538 776 2588 est.
820 2535 870 2600 Qui
888 2541 973 2590 autem
994 2538 1064 2606 parti

270 2611 363 2665 civium
382 2607 526 2673 consulunt,
540 2613 637 2679 partem
656 2609 797 2680 negligunt,
810 2629 863 2665 rem
881 2613 1064 2684 perniciosissi-

270 2685 509 2741 mamincivitatem
518 2685 649 2749 inducunt,
659 2687 807 2740 seditionem
816 2692 892 2759 atque
902 2688 1062 2746 discordiam:

271 2781 302 2815 ex
316 2761 470 2833 queaverit,
484 2766 514 2815 ut
527 2761 569 2815 alii
585 2761 727 2832 populares,
741 2762 782 2816 alii
799 2764 908 2819 studiosi
919 2765 1009 2835 optimi
1021 2785 1063 2821 cu·

226 2842 257 2890 80
266 2841 361 2910 jusque
373 2837 513 2904 videantur,
527 2837 600 2911 pauci
613 2837 795 2894 universorum.
821 2841 891 2895 Hinc
903 2841 972 2912 apud
983 2843 1065 2898 Athe-
