2575 3367
251 297 267 346 4
533 295 625 345 CATO
641 294 761 345 MAIOR

250 404 1042 554 lllllt'ilflllffrllffitlmffl

251 558 556 630 poetoessenegleotunr.
592 556 920 615 Sedtsmenneoesseiuit
935 558 1042 615 essenii·

251 635 313 706 quid
324 639 473 700 extremum,
491 638 526 702 et,
537 638 667 705 tamquam
681 633 708 689 in
725 633 845 690 arborum
860 634 948 691 bsom's
961 640 1042 692 tonn-

250 730 300 783 quo
319 711 444 784 frugibus,
462 710 610 766 maturitate
629 710 782 782 tempestiva
805 711 879 784 qussi
900 712 997 768 vietum
1017 714 1042 766 et

250 793 380 858 eaduoum,
399 791 468 864 quod
485 790 618 847 ferendum
635 794 677 847 est
693 790 803 846 molliter
820 792 941 863 sapienti.
976 790 1042 852 Quid

250 873 290 924 est
308 869 375 924 enim
392 867 467 936 aliud,
486 867 625 939 Gigantum
641 866 717 924 modo
733 867 828 924 bellare
845 886 907 925 oum
925 868 982 936 diis,
997 867 1043 924 nisi

250 949 348 1000 nature
359 945 520 1015 repugnare?

227 1023 243 1071 o
285 1022 404 1076 anus.
424 1020 513 1091 Atqui,
532 1019 606 1089 Cato,
626 1019 798 1092 gratissimum
815 1019 897 1087 nobis,
917 1023 949 1076 ut
970 1020 1041 1076 etiam

250 1115 296 1168 pro
315 1096 430 1168 Scipione
450 1095 577 1167 pollinem,
596 1096 696 1157 seueris.
715 1095 745 1162 si,
766 1097 887 1167 qnoniam
906 1114 1043 1169 sper-ornus,

249 1173 366 1228 volumus
379 1171 479 1243 quidem
495 1175 573 1239 certe,
591 1190 666 1227 senes
683 1171 745 1240 flori,
757 1170 838 1227 multo
854 1176 917 1228 ante
932 1191 949 1227 n
966 1177 993 1227 te
1010 1171 1043 1226 di·

250 1250 393 1315 dicerimus,
413 1248 505 1321 quibus
526 1248 644 1305 facillimo
664 1247 806 1304 rationibus
826 1248 1042 1321 ingravesoenten

250 1331 351 1383 oetatem
364 1327 430 1382 ferre
442 1325 576 1396 possimus.

286 1405 348 1458 (lor.
367 1402 467 1457 Fauiam
485 1418 553 1468 uero,
568 1398 649 1456 loli:
670 1400 809 1471 praesertim
827 1400 851 1457 si
867 1400 974 1473 utrique
992 1420 1043 1458 sm

250 1481 327 1544 trum,
340 1482 370 1534 ut
383 1478 452 1546 diois,
464 1481 566 1547 gratum
577 1476 694 1530 futurum
706 1479 754 1531 est.

284 1554 359 1608 Lnn
377 1553 502 1607 Volumus
518 1571 588 1618 sane,
603 1551 653 1607 nisi
671 1551 806 1607 molestum
823 1554 872 1620 est,
890 1553 963 1620 (loto,
981 1558 1044 1610 tam·

250 1646 326 1700 quam
349 1628 450 1698 longam
474 1628 584 1699 aliquam
606 1627 674 1682 viam
697 1627 845 1694 oonfeoeris,
871 1646 950 1699 quarn
972 1629 1042 1686 nobis

251 1725 351 1779 quoque
368 1705 561 1778 ingrediendum
578 1706 621 1776 sit,
635 1706 710 1775 istno,
723 1723 774 1778 qno
791 1707 940 1778 pervenisti,
951 1708 1041 1773 videro,

271 1785 324 1840 uolo
336 1784 378 1840 sit.

228 1805 269 1916 lq
287 1863 339 1916 ΙΙΙ.
358 1862 423 1915 cnr.
442 1859 551 1924 Faciam,
569 1862 600 1913 ut
616 1861 715 1929 potero,
726 1858 798 1914 Lali
833 1858 907 1930 Saepe
924 1860 1043 1915 enimin·

250 1937 329 1993 tersui
346 1935 454 2008 querelis
474 1953 587 1990 meorum
607 1934 750 2005 equalium,
770 1935 860 2006 (pares
883 1939 971 1991 autom
993 1953 1042 1990 esu

246 2014 359 2084 partlm,
373 2016 458 2067 vetere
469 2009 610 2082 proverbio,
618 2012 751 2075 facillime
765 2015 978 2082 remmam)
990 2028 1042 2082 qna

251 2089 279 2142 (l.
293 2088 427 2152 Salinator,
438 2105 495 2158 que
511 2087 555 2157 Sp.
564 2084 681 2151 Albinus,
693 2084 807 2141 homines
820 2086 975 2153 oonsulnres,
988 2105 1043 2143 nos-

250 2163 350 2219 trifero
361 2164 477 2236 oequales,
491 2163 620 2236 deplorare
632 2161 762 2218 solebant:
780 2165 835 2216 tum
849 2163 919 2234 quod
930 2164 1042 2237 volupta-

250 2238 320 2292 tibus
332 2244 454 2306 carerent,
466 2240 521 2295 sine
533 2238 624 2311 quibus
635 2237 716 2294 vitam
727 2237 820 2292 nullam
833 2242 971 2309 putarent;
989 2244 1043 2295 tum

251 2312 319 2383 quod
338 2319 517 2383 spernerentur
537 2314 569 2370 ab
589 2315 628 2382 iis,
651 2312 776 2385 aquibus
796 2318 882 2369 essent
899 2316 950 2370 ooli
968 2316 1042 2371 soliti.

251 2387 304 2447 Qui
315 2387 378 2442 mihi
388 2406 440 2443 non
456 2388 483 2443 id
494 2390 645 2446 videbantur
664 2408 789 2456 moneare,
801 2390 870 2461 quod
888 2398 958 2447 esset
974 2411 1043 2449 soon·

249 2462 365 2520 sendum.
399 2464 468 2521 Nam
480 2466 503 2521 si
520 2466 546 2522 id
563 2467 638 2539 culpa
653 2466 793 2522 senectutis
809 2464 944 2533 aooideret,
957 2468 1043 2524 endon

249 2539 311 2595 mihi
322 2559 372 2595 usu
383 2541 499 2598 venirent
511 2544 665 2614 reliquisque
681 2543 798 2598 omnibus
812 2542 952 2614 majoribus
965 2557 1043 2612 natu;

249 2633 356 2686 quorum
368 2636 416 2690 ego
424 2619 563 2675 multorum
572 2619 682 2690 eognovi
694 2622 852 2675 senectutem
861 2618 917 2675 sine
927 2621 1044 2690 querela:

249 2693 293 2761 qui
311 2712 338 2748 so
356 2698 383 2749 et
400 2695 533 2752 libidinum
550 2695 660 2751 vinculis
680 2694 779 2751 laxatos
796 2712 851 2750 esse
869 2711 921 2749 non
939 2695 1044 2751 moleste

248 2767 354 2837 ferrent,
366 2787 414 2825 neo
426 2789 441 2826 a
453 2772 506 2827 suis
524 2771 722 2842 despicerentur.
759 2770 809 2825 Sed
826 2771 941 2825 omnium
957 2771 1044 2826 istius·

248 2844 316 2900 modi
332 2846 490 2917 querelarum
507 2847 536 2903 in
556 2846 668 2903 moribus
686 2851 726 2904 est
743 2847 825 2918 eulpa,
843 2864 896 2902 non
913 2846 942 2902 in
960 2851 1044 2903 etate
