2575 3367
478 306 546 357 ΜΒ.
565 307 586 356 l.
605 309 680 356 CAP.
700 311 737 366 la,
757 312 793 356 14.
1003 311 1026 360 1²

236 423 294 490 poet
306 420 466 475 Cannensem
478 437 597 491 pugnam,
607 438 671 491 qnos
683 421 769 474 docem
782 420 911 476 Hannibal
921 420 1029 475 Romam

235 498 353 552 astrictos
366 497 436 551 misit
450 497 615 568 jurejurando
628 514 655 552 se
668 496 795 551 redituros
807 515 871 563 esse,
885 498 934 552 uisi
946 498 977 552 de
991 517 1030 551 rc·

234 573 358 629 dimendis
375 573 414 638 iis,
428 574 473 643 qni
488 575 556 644 capti
572 578 652 638 erant,
665 573 860 644 impetrassent:
880 592 923 628 eos
940 591 1029 628 omnes

233 667 359 714 censores,
368 649 452 719 quoad
465 652 572 720 quisque
584 667 671 704 eorum
684 651 755 714 vixit,
766 650 811 721 qui
823 651 988 721 pejerassent,
1002 651 1029 704 iu

233 726 329 780 erariis
346 726 518 796 reliqueruut;
540 744 587 782 nec
603 727 686 781 miuus
705 727 784 789 illum,
801 726 844 798 qni
860 726 1028 798 jurisjurandi

234 802 322 857 lraude
334 802 433 873 culpam
450 803 588 858 invenerat.
625 803 713 862 Quum
726 803 791 858 enim
805 803 957 858 Hannibalis
972 821 1028 874 per·

234 879 313 934 missu
325 879 420 933 exisset
432 879 464 934 de
480 879 578 943 castris,
592 878 668 934 rediit
685 879 769 949 paullo
785 891 851 949 poet,
864 879 931 950 quod
943 898 971 934 se
983 878 1028 935 ob·

232 954 307 1010 litum
326 955 411 1010 nescio
429 955 490 1026 quid
505 955 609 1010 diceret.
646 955 745 1010 Deinde
762 973 879 1026 egressus
896 974 911 1009 e
927 957 1025 1020 castris,

231 1031 398 1101 jureJ'urando
411 1051 438 1087 se
454 1032 566 1086 solutum
583 1031 705 1103 putabat:
724 1036 750 1086 et
765 1036 819 1086 erat
831 1032 922 1097 verbis,
935 1051 963 1086 re
976 1051 1027 1087 non

232 1114 296 1163 erat.
336 1109 440 1179 Semper
458 1113 542 1163 autem
560 1109 587 1164 iu
604 1108 661 1177 fide,
678 1109 740 1179 quid
760 1109 876 1173 senseris,
894 1127 944 1163 non
966 1110 1027 1180 quid

233 1183 336 1249 dixeris,
353 1184 525 1255 cogitandum.
561 1185 705 1239 Maximum
723 1188 808 1239 antem
826 1185 967 1254 exemplum
986 1191 1026 1240 est

230 1261 340 1330 justitiae
364 1261 391 1314 in
414 1261 513 1315 hostem
538 1260 711 1331 amajoribua
734 1259 828 1314 uostris
850 1261 1025 1316 coustitutum.

233 1337 322 1396 Quum
335 1354 350 1391 a
362 1337 461 1408 Pyrrho
473 1338 579 1408 perfuga
594 1337 694 1391 senatui
708 1339 748 1390 est
763 1335 898 1406 pollicitus,
911 1353 939 1390 ee
951 1355 1026 1392 vene·

232 1431 294 1468 uum
313 1414 368 1483 regi
386 1414 504 1467 daturum
523 1417 549 1468 et
568 1431 626 1468 eum
644 1416 809 1467 necaturum:
831 1416 935 1466 senatus
951 1416 978 1467 et
995 1413 1024 1469 0.

231 1489 366 1545 Fabricius
379 1490 511 1558 perfugam
523 1489 622 1560 Pyrrho
634 1489 738 1544 dedidit.
776 1490 818 1542 Ita
832 1506 864 1543 ne
876 1488 956 1543 hostis
969 1490 1025 1560 qui-

231 1565 299 1634 dem,
317 1569 344 1621 et
362 1567 473 1636 potentis
492 1570 519 1620 et
539 1565 632 1621 bellum
651 1565 719 1620 ultro
735 1564 875 1632 inferentis,
891 1566 1022 1621 interitum

231 1660 291 1697 cum
307 1642 401 1697 scelere
413 1641 584 1712 appmbarit.]
619 1644 659 1697 Ae
671 1641 702 1697 de
714 1642 810 1698 bellicis
823 1640 924 1712 quidem
936 1642 1024 1698 officiis
1037 1640 1066 1687 4¹

231 1719 295 1774 eatis
307 1718 403 1775 dictum
415 1726 462 1774 est.

266 1796 459 1850 Meminerimus
472 1799 556 1849 autem
566 1794 641 1850 etiam
655 1794 776 1850 adversus
788 1796 887 1850 infimos
897 1795 1023 1866 justitiam

230 1889 288 1927 esse
300 1871 455 1927 servandam.
491 1871 539 1926 Est
555 1876 640 1926 autem
656 1872 741 1926 infima
755 1872 867 1927 conditio
883 1876 909 1927 et
922 1871 1023 1925 fortuna

230 1966 377 2004 servorum:
397 1949 497 2019 quibus,
509 1965 560 2002 nou
575 1948 641 2004 male
658 1949 814 2020 precipiunt,
828 1948 872 2019 qui
884 1948 921 2002 ita
931 1946 1023 2017 jubent

230 2025 278 2089 uti,
289 2029 319 2080 nt
328 2024 502 2089 mercenariis3
521 2042 622 2095 operam
632 2023 789 2096 exigendam,
796 2027 869 2092 justa
880 2023 1021 2093 prebenda.

230 2102 317 2166 Quum
335 2104 420 2155 autem
439 2100 537 2155 duobus
554 2100 642 2166 modis,
659 2102 685 2156 id
702 2105 743 2156 est
760 2104 805 2154 eut
821 2099 846 2154 vi
864 2102 908 2152 aut
924 2098 1021 2164 fraude,

228 2177 275 2232 fiat
291 2177 398 2246 injuria:
420 2176 490 2231 fraus
506 2178 579 2248 qnasi
594 2177 741 2248 vulpecula,
755 2177 793 2231 vis
808 2175 888 2231 leonis
905 2175 1020 2231 videtur:

228 2248 367 2324 utrumque
385 2253 485 2308 homine
502 2254 698 2343 alienipeimum3
720 2253 764 2309 sed
781 2253 851 2307 fraus
869 2252 927 2307 odio
945 2252 1021 2324 digna

226 2331 331 2401 majore.
368 2330 458 2385 'Potine
477 2335 562 2385 autem
580 2331 713 2401 injustitie
734 2330 804 2385 nulla
823 2330 954 2400 capitalior
972 2335 1019 2395 est,

227 2424 305 2479 qnam
323 2423 418 2470 eorum,
435 2406 487 2476 qui,
505 2425 582 2477 quum
600 2408 710 2462 maxime
727 2407 826 2475 fallunt,
842 2407 868 2460 id
886 2409 974 2477 agunt,
989 2411 1020 2460 nt

225 2483 275 2540 riri
288 2483 347 2538 boui
360 2501 415 2538 esse
429 2483 647 2539 videantur-De
656 2484 758 2553 justitia
770 2483 832 2538 satis
845 2482 940 2537 dictum
953 2485 1000 2536 est.

262 2559 339 2615 XIV.
357 2558 492 2629 Deinceps,
512 2564 614 2615 uteret
632 2561 797 2631 propositum,
816 2559 848 2613 de
866 2561 1019 2626 beneficentia
1030 2563 1061 2609 42

224 2653 256 2693 ac
268 2635 301 2692 de
316 2638 469 2690 liberalitate
481 2635 595 2691 dicatur:
614 2655 665 2707 qna
679 2636 781 2707 quidem
795 2634 857 2689 nihil
869 2637 909 2687 est
921 2636 1018 2688 naturae

224 2712 336 2770 hominis
353 2711 574 2767 accommodatius.
611 2712 662 2768 Sed
678 2712 754 2767 habet
771 2710 864 2765 multas
880 2707 1018 2763 cautiones.

223 2787 373 2845 Videndum
390 2792 431 2842 est
447 2788 513 2842 onim
526 2789 685 2857 primamne
702 2787 769 2841 obsit
786 2784 928 2854 benignitas
944 2787 971 2838 et
987 2784 1019 2840 iis

221 2865 295 2940 ipsis,
309 2865 403 2936 quibus
419 2864 527 2934 benigne
539 2865 666 2920 videbitur
679 2865 739 2929 fiori,
753 2869 779 2917 et
796 2861 905 2917 ceteris.
922 2859 1032 2926 deinde,

616 2957 632 2996 c
