2575 3367
272 330 303 374 22
472 377 474 381 ,
553 324 601 370 DE
621 324 774 371 OFFICIIS

266 440 396 506 tamquam
413 434 441 488 iu
458 433 575 498 colonias,
592 437 694 489 exeunt.
730 434 877 504 Sequuntur
892 435 1019 490 connubia
1032 439 1058 490 et

268 513 401 566 affinitates
414 530 420 565 :
433 529 464 565 ex
477 509 568 580 quibus
576 511 653 563 etiam
664 510 747 580 plures
760 510 901 579 propinqui.
923 511 990 570 Quae
1002 530 1059 582 pre·

267 587 369 658 pagatio
386 591 414 642 et
432 586 532 641 suboles
544 586 616 656 origo
631 590 674 640 ast
691 603 776 639 rerum
795 585 960 655 publicarum.
997 589 1058 641 San·

267 664 352 734 guinis
364 667 449 717 autem
461 663 606 732 conjunctio
624 660 799 716 benevolentia
809 661 927 716 ⁸devincit
943 662 1058 718 homines

227 745 294 795 obet
312 740 425 794 caritate.
461 739 585 809 Magnum
604 741 644 792 cst
663 738 737 801 enim,
753 737 839 792 eadem
858 737 951 792 babere
970 756 1059 794 monu-

267 823 353 868 menta
364 815 495 885 majorum,
508 813 598 868 iisdem
610 813 650 868 uti
662 813 748 881 sacrm,
761 813 876 882 sepulcra
888 813 981 869 habere
993 833 1059 870 com·

225 950 229 953 ,
265 891 361 946 munia.
396 890 445 946 Sed
458 890 569 945 omnium
585 889 736 945 societatum
754 888 824 943 nulla
837 891 1058 959 praestantiorem,

267 966 337 1021 nulla
353 966 455 1031 firmior,
475 985 549 1037 quam
572 983 650 1037 quum
667 965 716 1019 viri
735 965 803 1029 boni,
824 964 936 1020 moribus
956 967 1057 1032 similes,

263 1046 328 1096 ,aunt
342 1042 510 1098 familiaritate
522 1041 662 1111 conjuncti.
680 1040 748 1095 illud
760 1042 827 1096 enim
838 1041 982 1110 honestum,
992 1043 1060 1114 quod

268 1135 335 1188 saepe
342 1118 456 1184 dicimus,
466 1119 542 1174 etiam
553 1118 575 1173 si
586 1118 614 1171 in
621 1116 670 1171 alio
678 1117 812 1181 cernimus,
822 1121 909 1172 tamen
917 1135 964 1173 nos
974 1123 1059 1173 movet

228 1198 345 1265 edatque
362 1195 405 1262 illi,
418 1196 446 1250 in
462 1212 513 1266 quo
531 1193 559 1248 id
576 1194 659 1248 inesse
676 1192 786 1257 videtur,
805 1192 899 1247 amicos
917 1193 987 1250 iacit.
1021 1195 1059 1248 ⁴Et

268 1289 419 1341 quamquam
437 1271 519 1327 omnis
532 1270 618 1325 :uirtus
636 1287 684 1325 uos
702 1267 735 1322 ad
751 1287 779 1323 se
799 1269 884 1333 allicit,
898 1268 1018 1340 facitque,
1030 1276 1060 1324 ut

263 1365 311 1401 eos
329 1347 471 1418 diligamus,
493 1348 521 1402 ln
542 1345 633 1416 quibus
654 1346 710 1415 ipsa
727 1346 810 1400 inesse
828 1344 952 1410 videatur,
974 1351 1061 1401 tamen

260 1423 367 1492 justitia
378 1429 405 1477 et
416 1423 554 1478 liberalitas
568 1421 593 1475 id
604 1422 716 1475 maxime
727 1421 810 1476 efficit.
836 1421 909 1474 Nihil
921 1424 1007 1475 autem
1019 1428 1060 1476 est

268 1498 399 1553 amabilius
410 1517 457 1554 nee
469 1497 619 1567 copulatius,
633 1515 708 1566 quam
721 1515 819 1551 morum
832 1496 971 1551 similitudo
983 1497 1060 1552 bono·

266 1592 332 1627 rum.
369 1575 402 1627 In
418 1573 510 1646 quibus
531 1573 598 1628 cuim
616 1572 704 1628 eadem
724 1572 811 1629 studia
830 1578 892 1627 suut
915 1572 1060 1648 eademque

266 1649 419 1715 uoluntates,
432 1650 460 1704 iu
470 1649 510 1703 his
522 1650 559 1713 fit,
569 1652 600 1702 ut
611 1666 684 1718 aque
696 1649 803 1719 quisque
815 1648 895 1702 altero
901 1648 1058 1714 delectetur,

269 1743 298 1779 ao
311 1725 410 1795 seipso;
428 1725 585 1795 efficiturque
596 1723 630 1789 id,
644 1724 712 1794 quod
724 1724 882 1794 Pythagoras
891 1724 947 1779 vult
958 1725 987 1779 iu
999 1726 1060 1779 ami-

265 1801 336 1866 citia,
349 1804 379 1854 ut
392 1819 457 1856 uuus
469 1801 513 1855 fiat
526 1819 557 1855 ex
571 1800 694 1870 pluribus.
731 1800 828 1870 Magna
842 1800 919 1854 etiam
938 1800 982 1854 illa
993 1819 1059 1855 com·

268 1878 378 1931 munitas
391 1880 437 1942 est,
447 1896 502 1948 quar
514 1877 648 1932 conficitur
656 1894 688 1930 ex
700 1875 828 1930 benefieiis
839 1876 906 1930 ultro
915 1876 983 1930 citro
993 1877 1059 1931 datis

268 1954 396 2023 acceptis:
416 1972 473 2025 quas
485 1957 511 2007 et
526 1959 616 2006 mutua
633 1956 660 2006 et
677 1956 751 2023 grata
762 1951 822 2006 dum
835 1956 903 2017 sunt,
916 1953 983 2006 inter
995 1971 1059 2022 quos

223 2047 258 2094 57
268 2048 298 2084 ea
310 2033 377 2094 sunt,
390 2029 463 2084 firma
474 2029 652 2084 devinciuntur
661 2028 790 2097 societate,
821 2027 872 2081 Sed
883 2046 961 2097 quum
974 2029 1059 2083 omnia

267 2107 365 2161 ratione
372 2106 506 2176 animoque
517 2106 643 2169 lustrans,
652 2105 764 2158 omnium
775 2104 927 2158 societatum
939 2103 1008 2158 nulla
1019 2107 1060 2158 est

268 2183 376 2252 gravior,
388 2182 459 2236 uuila
477 2183 565 2245 carior,
585 2199 661 2250 quam
677 2197 714 2243 ea,
728 2197 785 2250 quse
802 2197 860 2234 oum
876 2178 1006 2248 republica
1019 2185 1059 2234 est

267 2257 313 2311 uui
331 2258 421 2328 cuique
438 2261 561 2310 nostrum.
597 2255 657 2309 Cari
677 2260 738 2309 sunt
759 2259 885 2326 parentes,
907 2255 959 2309 cari
979 2255 1059 2323 liberi,

268 2333 410 2403 propinqui,
418 2331 553 2386 familiares
564 2350 569 2384 :
583 2329 722 2385 sedomnes
730 2330 841 2384 omnium
851 2329 970 2385 caritates
977 2331 1060 2401 patria

267 2427 319 2462 una
331 2407 461 2478 complexa
473 2411 528 2462 ast:
547 2423 592 2476 pro
605 2425 655 2476 qua
667 2406 724 2475 quis
743 2406 824 2461 bonus
837 2405 937 2460 dubitet
949 2412 1059 2462 mortem

267 2489 395 2555 oppetere,
415 2483 478 2538 aiei
496 2483 530 2537 sit
548 2481 719 2551 profuturus?
749 2485 805 2546 Quo
825 2486 865 2536 est
886 2482 1060 2538 detestabilior

266 2561 373 2615 istorum
386 2559 536 2624 immanitas,
547 2557 590 2628 qui
602 2557 743 2626 lacerarunt
753 2556 822 2614 omni
833 2557 928 2613 scelere
940 2560 1057 2626 patriam,

268 2642 295 2691 et
307 2638 334 2690 iu
346 2655 376 2691 sa
390 2634 505 2689 funditus
524 2633 629 2688 delenda
645 2634 763 2704 occupati
779 2638 806 2688 et
822 2638 883 2687 suut
900 2637 926 2689 et
944 2635 1057 2692 fuerunt.

226 2723 258 2768 58
269 2712 318 2766 Sed
339 2713 362 2766 si
381 2710 509 2767 contentio
530 2707 645 2779 quaedam
666 2713 693 2763 et
713 2709 868 2778 comparatio
890 2709 943 2772 fiat,
965 2712 1059 2780 quibua

268 2788 402 2858 plurimum
415 2785 575 2841 tribuendum
590 2785 623 2838 sit
636 2785 726 2839 officii:
744 2785 870 2856 principes
880 2785 931 2839 sint
941 2788 1023 2856 patria
1032 2793 1059 2844 et

268 2867 394 2933 parentes,
412 2881 520 2934 quorum
538 2861 666 2919 beneficiis
687 2860 804 2942 marinis
825 2861 933 2933 obligati
951 2881 1058 2936 sumus;
