2575 3367
260 314 291 360 ot
586 311 727 363 LAELIUS

267 422 352 477 nescio
365 422 497 493 quomodo,
515 440 562 478 neo
574 441 611 488 ea,
625 442 682 494 quae
694 423 726 478 ab
738 441 769 478 ea
783 441 873 479 mono..
893 442 923 488 u,
937 424 1061 480 audimus.

268 499 317 553 Est
334 498 400 552 enim
416 499 501 553 varius
518 503 544 554 et
561 500 694 570 multiplex
705 519 768 555 usus
784 499 908 564 amicitie,
925 501 1062 573 multaque

269 593 351 629 causae
369 575 541 644 suspicionum
559 576 777 647 offensionumque
795 576 902 630 dantur:
926 596 990 647 quas
1008 582 1064 633 tum

270 651 373 719 evitare,
386 655 441 706 tum
456 652 561 716 elevare,
574 655 630 706 tum
642 652 709 707 serre
726 653 846 722 sapientis
860 656 908 706 est.
946 655 1008 709 Una
1023 655 1064 709 illa

270 728 425 783 sublevanda
436 728 541 783 offensio
553 733 600 796 est,
613 733 642 783 ut
655 733 682 783 et
695 730 787 783 veritas
799 729 827 784 in
839 729 951 783 amicitia
963 735 990 784 et
1003 731 1064 786 fides

269 804 426 859 retineatur:
444 809 541 860 namet
557 805 674 860 monendi
688 805 761 860 amici
777 824 844 876 supe
861 809 962 860 suntet
979 807 1064 876 objur-

271 879 354 950 gandi,
373 885 399 935 et
417 881 471 936 hoec
488 881 632 951 accipienda
649 882 735 947 amice,
755 900 833 953 quum
850 882 973 938 benevole
990 884 1064 939 fiunt.

232 961 263 1011 129
273 956 330 1020 sed,
344 957 429 1011 nescio
446 957 579 1026 quomodo,
592 975 681 1013 verum
696 961 744 1024 est,
757 957 826 1028 quod
843 958 871 1013 in
882 957 982 1013 Andria
993 959 1064 1015 lami·

270 1032 338 1087 liaris
351 1051 423 1089 meus
436 1032 511 1089 dicit:

368 1128 520 1190 Obsequium
531 1129 629 1186 amicos,
641 1129 730 1177 veritas
741 1129 823 1177 odium
834 1129 905 1192 parit

270 1203 383 1258 Molesta
398 1204 500 1270 veritas,
514 1206 536 1259 si
552 1205 653 1276 quidem
670 1222 701 1260 ex
718 1223 749 1259 ea
762 1205 876 1260 nascitur
888 1205 983 1270 odium,
997 1205 1065 1277 quod

271 1284 311 1336 est
323 1299 447 1336 venenum
460 1281 590 1336 amicitiae:
610 1281 656 1336 sed
668 1281 817 1352 obsequium
830 1281 910 1336 multo
923 1282 1063 1347 molestius,

272 1358 340 1428 quod
352 1359 461 1429 peccatis
478 1359 611 1430 indulgens
627 1359 782 1429 precipitem
798 1359 906 1413 amicum
918 1359 981 1413 ferri
998 1359 1065 1414 sinit.

271 1435 386 1489 Maxima
401 1441 487 1490 autem
500 1435 573 1506 culpa
588 1436 616 1489 in
628 1453 659 1489 eo
671 1439 718 1503 est,
731 1435 775 1505 qui
791 1439 818 1488 et
829 1435 964 1489 veritatem
981 1453 1066 1506 asper·

271 1516 356 1579 natur,
368 1518 394 1566 et
406 1513 434 1566 in
446 1512 560 1566 fraudem
572 1511 694 1581 obsequio
710 1511 855 1582 impellitur.
891 1511 969 1566 Omni
986 1512 1066 1582 igitur

271 1588 318 1641 hac
336 1588 408 1641 inre
425 1587 541 1641 habenda
556 1588 622 1642 ratio
640 1592 667 1642 et
685 1588 816 1659 diligentia
831 1591 886 1642 est:
905 1589 1023 1658 primum,
1035 1591 1066 1642 ut

272 1662 378 1717 monitio
402 1663 548 1726 acerbitate,
573 1662 665 1718 deinde
688 1666 719 1720 ut
743 1663 888 1734 objurgatio
912 1664 1065 1718 contumelia

272 1743 364 1795 careat.
399 1739 432 1794 Iu
448 1739 560 1810 obsequio
576 1745 662 1794 autem
677 1741 806 1811 (quoniam
822 1741 976 1795 Terentiano
988 1739 1065 1796 verbo

272 1817 389 1872 lubenter
409 1816 517 1886 utimur)
543 1818 649 1871 comitas
670 1817 752 1872 adsit:
777 1816 924 1884 assentatio,
944 1817 1065 1871 vitiorum

273 1894 391 1965 adjutrix,
416 1893 504 1964 procul
532 1896 695 1948 amoveatur:
723 1911 779 1964 quae
803 1910 855 1947 uon
878 1891 953 1947 modo
977 1894 1064 1961 amico,

274 1975 318 2025 sed
336 1989 369 2025 ue
386 1970 465 2024 libero
482 1969 583 2040 quidem
604 1969 682 2040 digna
699 1974 754 2024 ost:
773 1969 847 2024 aliter
864 1970 930 2023 enim
949 1987 1009 2024 oum
1025 1973 1066 2040 ty·

232 2055 264 2101 90
274 2065 360 2112 ranno,
380 2048 453 2102 aliter
472 2065 529 2102 cum
548 2047 628 2101 amico
648 2047 750 2102 vivitur.
787 2047 865 2117 Oujus
886 2049 973 2100 autem
991 2064 1064 2101 aures

273 2125 376 2180 veritati
396 2125 488 2180 clausae
509 2129 577 2191 sunt,
594 2128 625 2178 ut
646 2123 678 2178 ab
702 2123 784 2178 amico
802 2141 888 2177 verum
911 2122 999 2177 audire
1022 2140 1065 2177 ue·

273 2205 357 2270 queat,
377 2200 453 2271 hujus
474 2200 542 2255 salus
563 2199 719 2272 desperanda
738 2203 786 2254 est.
823 2199 920 2253 Scitum
939 2207 980 2253 est
998 2199 1064 2253 euim

273 2277 335 2330 illud
352 2276 464 2339 Catonis,
481 2280 511 2330 ut
528 2277 625 2331 multa:
644 2278 739 2330 Melius
754 2277 785 2328 de
797 2274 949 2345 quibasdam
967 2275 1065 2328 acerbos

272 2354 393 2406 inimicos
410 2353 510 2416 mereri,
527 2372 606 2422 quana
622 2372 662 2406 eos
677 2356 778 2419 amieos,
795 2353 843 2422 qui
859 2351 945 2404 dumea
961 2351 1065 2404 videau-

273 2440 337 2483 tur:
356 2430 414 2481 illos
432 2446 520 2481 oerum
537 2448 600 2498 acepe
616 2430 705 2495 dicere,
724 2431 769 2482 hoa
786 2446 940 2498 numquam.
977 2429 1064 2498 Atque

274 2505 336 2560 illud
349 2504 494 2568 absurdum,
507 2504 575 2573 quod
591 2506 616 2570 ii,
631 2507 675 2576 qui
687 2509 829 2568 monentur,
843 2522 897 2557 eam
916 2503 1063 2566 molestiam,

274 2601 349 2652 quam
370 2581 462 2636 debent
484 2600 581 2651 capere,
601 2599 652 2635 non
672 2582 783 2651 capiunt,
805 2598 860 2633 eam
882 2581 995 2649 capiunt,
1017 2595 1066 2650 qua

273 2657 366 2712 debent
383 2676 479 2712 vacare.
516 2658 638 2712 Peccasse
653 2659 719 2712 enim
737 2676 772 2721 se,
789 2675 841 2709 non
859 2661 1005 2725 unguntum
1023 2654 1066 2709 ob-

270 2734 370 2804 jurgari
388 2734 494 2788 moleste
512 2734 613 2788 ierunt:
634 2734 702 2804 quod
718 2738 807 2788 contra
824 2731 958 2802 opoltebat
975 2731 1066 2787 delicto

274 2809 365 2877 dolere,
379 2810 534 2865 correctione
546 2809 663 2881 gaudere.

223 2889 259 2936 91
302 2886 391 2945 XXV.
411 2887 450 2944 Ut
466 2887 547 2960 igitur
559 2891 585 2942 et
602 2903 705 2940 mouere
722 2890 748 2940 et
766 2885 863 2940 moneri
878 2885 1011 2956 proprium
1026 2885 1068 2940 ut

182 3090 237 3128 h
