2575 3367
478 322 616 374 L1e.111.
633 320 709 372 CAP.
727 280 766 372 ia
966 326 1012 374 1⁰³

220 433 338 505 turpium.
381 435 464 489 Nemo
482 438 549 490 enim
569 435 660 490 horum
681 434 719 490 sio
739 435 847 506 sepiens,
866 438 896 490 ut
916 436 1013 507 sapien·

219 515 271 565 tem
291 511 408 566 volumus
427 511 550 581 intelligi:
575 529 622 567 neo
639 511 666 576 ii,
683 512 727 581 qui
744 512 871 581 sapientes
889 512 969 567 babiti
986 517 1013 567 et

219 587 350 650 nominati,
366 587 404 641 M.
414 587 480 641 Coto
497 590 525 643 et
541 587 570 641 0.
580 586 682 654 Laelius,
699 586 825 656 sapientes
843 587 962 653 ineruut3
980 607 1013 642 ne

218 663 256 716 illi
275 661 376 732 quidem
395 668 510 733 septem:
537 663 582 717 sed
599 680 631 716 ex
650 661 787 716 mediorum
809 663 946 717 officiorum
964 663 1013 717 irs·

220 738 324 809 quentia
344 737 533 793 similitudinem
557 737 692 809 quamdam
712 738 833 808 gerebant
854 738 1012 809 speciemque

219 814 371 884 sapientum
407 815 535 874 Qnoeiroa
549 831 597 869 neo
612 813 647 876 id,
659 813 727 885 quod
740 831 800 868 rere
814 814 948 869 temdum
964 819 1011 880 est,
1023 823 1051 871 17

219 890 259 943 fas
274 893 314 945 est
330 907 388 944 oum
404 891 532 944 atildatia
548 890 727 960 repopuantia
743 890 898 959 comparari3
917 907 964 945 neo
978 890 1011 956 id,

220 965 289 1036 quod
301 966 467 1021 oommuniter
477 966 632 1036 appellemus
643 965 784 1031 donateris,
798 965 865 1036 quod
877 966 969 1022 colitur
981 967 1013 1024 ab

219 1043 258 1106 iis.
273 1043 317 1112 qui
329 1043 408 1098 bonos
419 1060 447 1098 se
460 1043 529 1097 riros
543 1041 632 1096 baberi
649 1041 746 1106 volunt,
760 1060 816 1096 eum
836 1042 1012 1098 emolumentis

220 1136 340 1189 umquem
356 1122 396 1174 est
407 1116 618 1188 eomparandum:
636 1120 740 1188 tamque
752 1117 778 1172 id
789 1117 931 1182 honestum,
944 1119 1013 1190 quod

220 1193 245 1248 in
267 1199 381 1249 nostram
400 1193 593 1265 intelligentium
617 1192 693 1258 eadit,
716 1192 840 1249 tuendum
863 1212 1013 1249 conserven-
1111 1258 1118 1269 ι

221 1270 332 1341 dumque
344 1270 416 1325 uobis
434 1274 482 1335 est,
496 1286 571 1341 quem
585 1269 655 1333 illud,
669 1269 737 1339 quod
754 1270 854 1340 pmprie
866 1269 959 1324 dicitur
970 1290 1013 1325 re·

219 1365 298 1417 reque
317 1350 357 1401 est
377 1346 521 1414 honestum,
540 1344 705 1415 sapientibus.
741 1345 825 1399 Aliter
843 1345 910 1399 enim
931 1347 1012 1400 teneri

219 1440 271 1478 non
282 1423 407 1494 potestsi
419 1441 469 1494 qua
480 1421 513 1477 sd
524 1421 644 1476 virtutem
657 1425 698 1476 est
710 1420 778 1476 fecta
789 1421 938 1491 progressio.
963 1422 1012 1479 Sed

219 1499 274 1554 beo
286 1498 387 1570 quidem
403 1499 435 1554 de
450 1499 490 1566 iis,
502 1497 546 1569 qui
563 1497 754 1552 conservatione
769 1497 907 1553 officiorum
925 1498 1013 1553 existi-

219 1579 323 1629 mentur
334 1572 401 1629 boui.
428 1574 482 1633 Qui
492 1577 579 1629 autem
590 1573 676 1628 omniu
686 1573 828 1628 metiuntur
836 1574 1012 1629 emolumentis
1021 1585 1050 1631 18

219 1654 246 1705 et
258 1650 404 1715 eommodis,
416 1667 499 1720 neque
514 1666 545 1705 ea
561 1648 650 1705 volunt
666 1650 853 1721 preponderari
869 1651 1009 1716 honestate,

218 1726 237 1781 ii
255 1725 338 1781 solent
356 1725 383 1781 in
400 1725 560 1781 deliberando
578 1725 714 1783 honestum
730 1743 789 1781 oum
806 1744 844 1792 eo,
864 1727 931 1797 quod
949 1729 1011 1783 utile

218 1806 319 1872 putant,
340 1819 500 1873 eomparare:
526 1801 586 1857 boui
600 1800 648 1857 viri
666 1819 718 1856 uon
734 1801 824 1857 solent.
860 1803 952 1871 Itaque
969 1821 1011 1858 ex-

217 1877 312 1943 istimo,
327 1878 475 1943 Panaetium,
489 1895 568 1949 quum
583 1877 685 1945 dixerit,
695 1877 810 1933 homines
828 1877 909 1933 solere
920 1879 947 1932 iu
964 1879 1011 1935 hae

218 1954 406 2024 eomparatioue
417 1953 541 2020 dubitare,
550 1953 598 2009 boo
609 1953 692 2023 ipsum
704 1954 820 2019 sensisse,
829 1953 897 2024 quod
909 1954 1009 2021 dixerit,

218 2029 299 2085 solere
317 2029 401 2095 modo,
420 2047 472 2085 non
491 2029 568 2084 etiem
586 2033 711 2099 oportere.
747 2030 850 2084 Etenim
868 2047 919 2084 non
936 2030 1011 2085 modo

217 2105 298 2176 pluris
310 2109 408 2176 putare,
419 2105 487 2176 quod
498 2105 561 2161 utile
570 2105 694 2173 rideatur,
703 2123 778 2176 quom
788 2104 856 2176 quod
866 2105 1009 2171 honestum,

217 2181 352 2236 sedetiam
363 2182 418 2238 haro
429 2182 497 2237 inter
507 2199 536 2236 se
551 2199 704 2252 semperne,
717 2184 744 2236 et
760 2181 787 2237 iu
805 2181 844 2236 his
862 2180 1010 2237 addubitare

217 2258 393 2328 turpissimum
410 2262 458 2314 est.
501 2257 572 2318 Quid
590 2262 630 2313 est
649 2275 718 2328 ergo,
737 2257 805 2328 quod
822 2276 1010 2330 nonnumquam

216 2333 402 2389 dubitationem
414 2334 503 2390 afferro
515 2334 595 2389 soleat
604 2333 863 2405 oonsiderandumque
875 2335 1009 2391 rideatur?

217 2409 309 2474 Credo,
322 2410 345 2464 si
362 2409 462 2480 quaudo
479 2409 604 2465 dubitatio
619 2409 719 2477 eooidit,
733 2410 806 2481 quale
822 2411 856 2466 sit
868 2410 902 2480 id,
913 2412 945 2467 de
960 2430 1010 2483 quo

216 2485 398 2542 oonsideretur.
434 2486 506 2556 Seps
521 2486 588 2542 eninr
605 2489 719 2555 tempore
736 2487 773 2551 fit,
792 2490 830 2552 ut,
851 2486 920 2555 quod
935 2492 1010 2558 turpe
1020 2501 1048 2547 19

215 2562 365 2633 plerumque
376 2560 464 2616 haberi
474 2561 562 2630 soleat,
571 2561 715 2617 inveniatur
722 2580 774 2617 non
785 2580 841 2616 esse
852 2565 935 2631 turpe.
960 2564 1010 2617 Ex-

171 2640 173 2663 *
215 2638 292 2708 empli
304 2655 383 2693 musa
393 2641 503 2707 ponatur
517 2637 618 2709 aliquid,
630 2637 697 2708 quod
715 2641 800 2707 petest
812 2637 896 2691 latius.
933 2638 1010 2697 Quod

215 2719 302 2784 potest
313 2713 396 2784 majus
408 2731 464 2769 esse
475 2713 564 2779 seelus,
578 2732 654 2783 quam
665 2731 717 2768 nou
732 2712 806 2767 modo
818 2712 952 2778 bominem,
965 2713 1010 2769 sed

215 2791 291 2846 etiam
312 2789 460 2844 familiarem
479 2791 605 2845 homiuem
624 2789 757 2844 oooidero?
797 2788 868 2842 Num
884 2788 964 2858 igitur
982 2807 1010 2846 se

214 2866 336 2923 seninxit
347 2865 451 2934 scelere,
460 2866 483 2922 si
495 2867 539 2938 qui
550 2870 687 2939 tyranuum
698 2862 798 2928 oooidit,
812 2864 925 2934 quamvis
937 2864 1010 2922 fami-
