2575 3367
384 313 415 359 50
713 312 848 363 LAELIUS

383 424 449 477 enim
471 422 590 493 majorem
609 440 666 476 mae
683 422 778 477 niallam
796 422 823 477 iu
840 421 965 487 amicitiis,
984 441 1060 492 quam
1079 423 1106 477 in
1128 441 1130 492 ς

383 499 469 566 risque
486 497 599 567 pecuniae
616 497 790 568 cupiditatem,
808 498 834 551 in
853 498 955 568 optimis
973 498 1118 570 quibusque

384 576 452 629 noris
468 578 597 629 certamen
613 578 640 627 et
653 573 757 643 glorioe3
781 592 813 627 ex
829 591 880 643 quo
894 573 1040 628 iuimicitias
1057 576 1130 628 maai

344 658 374 704 ³5
384 669 451 721 sape
463 650 530 705 iuter
541 648 706 704 amicissimos
718 649 856 704 exstitisse.
887 648 985 719 Magna
996 649 1064 704 euim
1076 650 1130 705 diss

383 734 410 782 et
429 727 575 797 plerumque
584 725 657 796 justa
667 726 744 790 nasci,
757 743 835 796 quum
852 725 948 797 aliquid
959 725 991 780 ab
1003 726 1101 793 amicis,
1112 746 1128 797 q

384 808 481 858 rectum
492 820 544 857 uon
555 808 631 866 esset,
645 801 824 871 postularetur,
836 806 867 856 ut
879 805 925 856 aut
942 801 1054 857 libidinis
1071 803 1130 857 mini

383 884 427 934 aut
440 878 570 947 adjutores
581 882 668 933 essent
680 877 712 931 ad
724 877 849 948 injuriam.
876 878 954 938 Quod
966 879 1011 949 qui
1023 897 1130 934 recussu

383 956 497 1025 quamvis
507 956 614 1010 honeste
621 954 648 1010 id
659 955 779 1019 facerent,
789 959 834 1024 jus
844 959 930 1009 taurea
940 956 1130 1011 amicitiaedeser

383 1038 551 1102 arguerentur
562 1030 594 1086 ab
606 1031 645 1096 iis,
659 1030 752 1102 quibus
763 1030 868 1101 obsequi
884 1030 996 1097 nollent3
1016 1031 1074 1086 illos
1086 1038 1130 1087 aut

384 1108 428 1177 qui
445 1107 545 1177 quidvis
562 1106 594 1162 ab
612 1107 693 1161 amieo
710 1106 834 1162 auderent
851 1107 987 1177 postulare,
1008 1108 1130 1177 postulati

383 1185 439 1254 ipsa
461 1185 582 1255 profiteri,
607 1185 692 1240 omnia
716 1202 743 1239 se
766 1184 840 1238 amici
868 1202 945 1239 cansa
973 1203 1030 1239 ease
1057 1186 1128 1240 factu

383 1263 479 1316 Eorum
491 1261 592 1333 querela
603 1262 757 1315 inveteratus
775 1278 826 1314 non
842 1260 917 1315 modo
933 1261 1120 1317 familiaritates

384 1338 480 1408 stingui
491 1337 580 1400 solere,
597 1336 642 1391 aed
660 1336 736 1391 etiam
754 1336 812 1389 odia
827 1337 899 1407 gigni
914 1338 1079 1406 sempiterna.
1117 1340 1130 1392 l

384 1415 421 1467 ita
442 1413 529 1477 multa,
550 1412 623 1483 quasi
643 1412 704 1475 fata,
726 1410 871 1481 impendere
890 1413 1016 1477 amicitiis,
1042 1418 1073 1468 ut
1096 1432 1130 1468 cn

384 1488 561 1559 subterfugere
578 1505 629 1541 nou
644 1487 720 1541 modo
737 1486 875 1558 sapientie,
893 1488 937 1542 sed
954 1490 1031 1543 etiam
1050 1490 1130 1545 felicit

384 1563 479 1617 diceret
491 1563 540 1618 sibi
550 1561 638 1616 videri.

346 1640 376 1687 36
420 1638 468 1692 ΧΙ.
497 1637 664 1703 Quamobrem
694 1638 720 1692 id
745 1639 853 1709 primum
877 1638 1016 1703 videamus,
1041 1641 1064 1694 si
1089 1640 1130 1709 pla

384 1719 510 1785 quatenus
528 1731 598 1768 amor
616 1713 643 1767 iu
661 1714 771 1768 amicitia
790 1714 909 1786 progredi
927 1714 1026 1769 debeat.
1064 1716 1130 1770 Num

385 1791 531 1846 Coriolanus
542 1789 631 1845 habuit
643 1790 744 1854 arnicos,
758 1789 824 1845 ferre
836 1795 926 1845 eontra
937 1791 1043 1861 patriam
1058 1810 1129 1846 arma

385 1885 442 1920 cum
462 1865 596 1921 Coriolano
610 1865 738 1920 debuere?
764 1865 836 1919 Num
845 1866 1012 1920 Viseellinum
1026 1867 1109 1932 amici,
1125 1886 1130 1920 1

192 1868 198 2008 Ι
386 1960 446 1996 nuru
464 1946 632 2012 appetentem,
650 1959 710 1995 num
723 1941 766 2010 Sp.
775 1941 892 1996 Maelium
909 1942 1054 1997 debuerunt
1069 1944 1130 2014 juva

189 2035 196 2116 p
346 2017 423 2071 arui.
449 2017 550 2087 quidem
572 2016 721 2084 Gracchum,
742 2016 921 2087 rempublicam
946 2022 1126 2088 vexantem‚a

386 2093 519 2148 'luboroue
537 2093 724 2165 equalibusque
748 2093 835 2148 amicis
856 2093 1004 2149 derelictum
1023 2095 1130 2151 videbar

186 2118 194 2309 ⁴
387 2170 422 2223 At
430 2170 458 2222 G.
466 2170 581 2225 Blossius
588 2170 725 2233 Cumanus,
734 2168 827 2239 hospes
839 2169 939 2225 familia
948 2174 1049 2237 vestrae,
1061 2172 1130 2227 Scaea

387 2264 464 2314 qaum
477 2245 509 2299 ad
520 2263 568 2309 me,
582 2245 738 2315 quindenam
755 2245 856 2300 Iraeuati
871 2248 898 2300 et
915 2246 1019 2316 Rupilio
1033 2248 1130 2303 consuli

186 2320 192 2398 ξ
386 2320 413 2373 in
422 2320 532 2384 consilio,
541 2320 702 2390 deprecatum
712 2322 830 2386 venisset,
839 2322 911 2386 hanc,
919 2326 949 2375 ut
959 2322 1008 2377 sibi
1014 2323 1130 2393 ignoscet

186 2410 189 2461 j
387 2413 487 2449 causam
501 2395 628 2459 afferebat,
642 2397 710 2466 quod
727 2398 794 2451 tanti
811 2398 849 2452 li.
859 2398 1000 2452 Gracchum
1016 2400 1129 2465 fecisset,

184 2500 189 2520 .
388 2471 507 2542 quidquid
520 2471 561 2525 ille
578 2471 660 2536 vellet,
674 2473 722 2528 sibi
738 2474 880 2528 faciendum
899 2478 1009 2543 putaret.
1046 2477 1130 2531 Tum«

183 2546 186 2551 '
387 2550 518 2614 Etiamne,
530 2549 556 2602 ei
567 2558 590 2602 te
601 2550 631 2602 s'n
642 2550 805 2619 Capitolium
811 2551 885 2620 sace
888 2550 1067 2619 ferreocfletf
1089 2554 1130 2607 ‘m

387 2643 474 2694 qnam,
492 2624 581 2695 inquit,
599 2626 719 2677 coluisset
736 2625 768 2677 id
783 2625 901 2695 quidem)
937 2626 995 2691 Sed,
1013 2628 1040 2681 si
1057 2629 1130 2683 colai

387 2699 565 2769 ‘paruissem’
601 2697 710 2762 Videtis,
732 2717 807 2769 quam
829 2701 924 2754 nefaria
944 2719 1002 2756 vox.
1040 2703 1075 2757 Et
1097 2705 1130 2759 hc

386 2775 424 2828 ita
435 2774 510 2839 fecit;
529 2773 569 2829 vel
586 2774 643 2844 plus
656 2774 739 2839 etiam,
753 2794 828 2844 quam
841 2776 921 2831 dixit:
941 2795 993 2832 nou
1010 2780 1078 2835 enim
1097 2799 1130 2850 pa

382 2850 428 2906 illc
440 2851 477 2906 ut
490 2850 599 2906 Gracchi
610 2851 756 2918 temeritati,
768 2851 813 2906 aed
825 2854 926 2923 praefuit
936 2876 943 2920 ;
962 2872 1010 2910 uec
1023 2875 1051 2911 se
1063 2858 1130 2912 comi
