2575 3367
410 325 458 372 DE
477 324 694 374 SENECTUTE.
724 325 798 373 CAP.
818 326 854 376 17.
995 327 1026 373 25

230 438 257 488 et
271 433 381 488 directos
395 433 422 488 in
435 433 599 504 quincuncem
612 434 723 498 ordines,
736 439 761 489 et
775 434 879 488 humum
897 433 1029 488 subactam

230 515 308 580 atque
326 528 413 580 puram
437 515 463 565 et
484 509 636 564 suavitatem
654 510 768 575 odorum,
786 511 831 580 qui
852 510 996 564 afflarentur
1014 527 1028 565 e

230 585 352 651 floribus;
376 589 432 639 tum
451 604 510 639 eum
529 585 630 649 dixisse,
651 586 738 640 mirari
758 604 786 640 se
805 603 856 639 uon
876 585 951 639 modo
972 585 1028 639 dili-

231 661 351 734 gentiam,
373 660 514 716 sedetiam
534 661 672 716 sollertiam
691 661 754 732 ejus,
775 680 791 716 a
809 679 859 732 qno
881 665 966 715 essent
985 661 1028 715 illa

231 739 346 792 dimensa
370 743 447 808 atquc
468 736 609 807 descripta3
635 741 661 792 et
685 737 709 792 ei
731 738 824 808 Cyrum
851 736 1025 807 respondisse:

231 815 317 884 Atqui
328 831 370 884 eqo
379 813 470 867 omnia
482 815 533 867 aaa
544 831 603 867 ram
612 813 765 878 diotericum·
784 813 837 867 mei
844 822 906 867 runt
915 813 1027 875 ordiam,

232 907 289 943 mea
310 889 444 958 descriptio
452 906 465 953 ,¹
489 889 674 944 multoeciam
695 890 810 943 istarum
828 889 952 943 arborum
970 905 1027 941 caea

233 983 317 1018 macc
336 975 398 1019 rant
418 974 487 1018 satae.
525 965 590 1018 Tum
611 964 780 1035 Lysandrum,
803 966 945 1020 intuentem
969 982 1027 1034 pur·

233 1059 322 1110 puram
338 1044 394 1110 ejus
410 1045 436 1095 et
453 1035 562 1096 nitorem
581 1041 693 1111 corporis
711 1046 879 1113 ornatumque
895 1039 1027 1096 Persicum

232 1116 314 1170 multo
335 1134 397 1170 euro
418 1116 555 1187 multisque
575 1118 690 1188 gemmis,
710 1117 818 1172 dixisse:
841 1118 1025 1181 mascaron,

235 1193 308 1262 Cyre,
331 1191 431 1246 beatum
446 1195 550 1262 scunt,
573 1193 701 1263 quoniam
725 1194 821 1247 virtuti
844 1202 895 1246 tuac
908 1195 1026 1261 fortuna

232 1269 371 1336 conjuncta
387 1265 444 1320 est!
473 1268 538 1322 Haec
555 1269 635 1339 igitur
647 1268 751 1323 fortuna
766 1267 817 1322 frui
831 1267 891 1322 licet
908 1265 1024 1321 senibus:
1035 1275 1067 1320 6⁰

232 1360 280 1396 nec
292 1346 353 1397 aetas
369 1343 481 1413 impedit,
495 1345 640 1414 quominus
657 1348 683 1398 et
700 1349 841 1399 ceterarum
855 1361 947 1406 rerum,
961 1342 1027 1396 etin

232 1418 321 1487 primis
337 1419 391 1488 agri
407 1419 505 1474 colendi
521 1419 607 1474 studia
619 1424 751 1474 teneamus
768 1437 848 1489 usqne
861 1418 894 1472 ad
907 1417 1026 1472 ultimum

233 1497 334 1564 tempus
346 1495 492 1549 senectutis.
529 1497 569 1550 M.
579 1496 681 1566 quidem
690 1495 819 1550 Valerium
834 1495 945 1550 Corvum
958 1511 1026 1549 acce·

233 1570 317 1640 pimus
335 1569 367 1624 ad
384 1570 549 1625 centesimum
570 1590 663 1627 annum
685 1571 840 1643 perduxisse,
860 1589 938 1641 quum
957 1574 1026 1625 esset

233 1649 291 1701 acta
305 1646 358 1715 jam
377 1651 452 1701 aetate
470 1647 497 1701 in
514 1648 589 1717 agris,
609 1667 702 1719 eosque
720 1648 822 1703 coleret.
858 1647 939 1716 Cujus
958 1648 1026 1702 inter

233 1722 343 1791 primurn
359 1725 385 1776 et
401 1727 502 1777 sextum
516 1724 675 1778 consulatum
692 1743 736 1779 sex
748 1728 775 1779 et
788 1723 955 1795 quadraginta
966 1724 1026 1778 anni

233 1797 412 1852 interfuerunt.
459 1797 503 1853 Ita
525 1805 649 1870 qnantum
676 1801 786 1870 spatium
810 1800 892 1855 atatis
918 1799 1025 1868 majores

234 1874 315 1930 nostri
333 1873 365 1927 ad
383 1873 521 1929 senectutis
539 1875 639 1930 initium
658 1894 714 1931 esse
729 1875 870 1940 voluerunt,
883 1878 971 1929 tantus
989 1874 1025 1928 illi

234 1968 324 2005 cursus
347 1950 471 2005 honorum
492 1951 558 2005 fuit:
581 1955 658 2022 atque
678 1952 733 2023 ejus
756 1956 869 2006 extrema
892 1956 953 2006 aetas
977 1949 1025 2005 hoc

233 2024 339 2093 beatior,
359 2044 433 2096 quam
455 2026 544 2090 media,
566 2027 633 2098 quod
653 2027 812 2083 auctoritatis
832 2026 939 2082 habebat
959 2025 1023 2096 plus,

233 2101 326 2156 laboris
343 2102 434 2156 minus.
468 2102 542 2172 Apex
560 2106 600 2158 est
617 2108 702 2158 autem
721 2102 859 2158 senectutis
878 2101 1023 2157 auctoritas.

238 2178 340 2238 urana
357 2178 407 2233 fuit
424 2177 452 2232 in
468 2178 499 2232 L.
514 2179 614 2234 Oaecilio
628 2179 752 2234 Metello!
777 2184 872 2249 quanta
888 2179 916 2232 in
932 2177 1062 2231 Attiliocl

243 2253 367 2309 inlatino!
389 2253 417 2308 in
429 2273 503 2325 quem
521 2254 584 2309 illud
600 2254 709 2326 elogium
727 2255 845 2310 unicum:
867 2270 1024 2309 asomum

249 2345 467 2384 ‘onsaurluur
503 2346 637 2396 onasus,
675 2347 793 2386 aarum
828 2347 1025 2386 animaruum

254 2421 349 2461 nassa
370 2421 486 2460 v1uou.
523 2406 621 2462 Notum
638 2410 679 2462 est
699 2425 801 2462 carmen
818 2408 924 2462 incisum
942 2408 968 2461 in
986 2424 1026 2460 se-

260 2481 330 2537 rlcro.
367 2484 386 2536 J
389 2501 433 2537 ure
449 2483 528 2553 igitur
540 2483 632 2554 gravis,
646 2486 719 2554 cujus
736 2483 767 2538 dc
783 2483 898 2538 laudibus
913 2483 1025 2537 omnium

264 2563 303 2614 set
325 2559 392 2613 fama
415 2561 591 2615 consentiens!
633 2562 713 2626 Quem
738 2561 819 2615 vnum
844 2562 873 2614 P.
895 2560 1024 2623 Crassum,

270 2653 315 2707 per
332 2636 474 2706 pontificem
491 2637 634 2702 maximum,
648 2655 722 2707 quem
739 2641 827 2705 postea
843 2634 1024 2704 illepidum,

273 2711 324 2766 lem
340 2711 480 2766 sacerdotio
496 2712 637 2783 praeditum,
649 2712 771 2766 vidimus!
809 2710 876 2776 Quid
891 2709 923 2764 de
935 2708 1024 2763 Paullo

300 2787 421 2842 Africano
440 2787 528 2858 loquar
549 2792 601 2852 aut,
623 2791 653 2841 ut
668 2791 723 2857 jam
747 2791 813 2851 ante,
835 2786 867 2841 de
889 2784 1023 2839 lllaximo?
1071 2807 1078 2820 ·

284 2881 343 2918 rum
364 2882 415 2918 nou
436 2863 462 2918 in
482 2864 609 2918 sententia
632 2863 721 2930 solum,
742 2862 787 2917 sed
810 2863 887 2917 etiam
910 2861 938 2916 in
957 2865 1024 2916 nutu
1116 2931 1119 2937 Ι
