2575 3367
266 320 311 366 106
553 314 603 363 DE
621 314 775 363 orrrcns

264 429 331 483 circa
348 426 445 495 optimo
464 426 571 497 quisque
591 429 619 480 ct
639 424 841 496 splendidissimo
863 423 970 496 ingenio
988 424 1054 494 longe

265 504 331 558 illam
344 503 423 557 vitam
434 502 494 556 huic
505 502 646 570 auteponit
680 504 721 555 Ex
732 519 782 572 quo
794 500 914 566 efficitur,
927 501 1054 563 homiuem,

227 593 258 638 26
265 584 362 634 naturae
374 578 541 642 obedientem,
554 578 653 631 homini
668 595 759 631 noocrc
770 593 822 630 non
833 594 919 646 posco.
957 576 1055 641 Deinde,

266 656 310 727 qui
321 656 429 710 ultorum
442 653 527 719 violat,
536 658 566 707 ut
579 653 633 722 ipsc
641 652 736 724 aliquid
747 652 874 707 commodi
882 658 1056 724 consequntur,

266 737 311 786 aut
324 731 387 785 nihil
398 730 528 785 existimat
540 747 569 783 oc
580 729 665 783 fucore
676 733 765 784 contra
778 731 906 793 naturam,
920 735 969 784 unt
984 727 1057 798 magis

266 807 409 876 fugiendam
423 808 510 859 censet
524 809 640 869 mortem,
658 807 840 874 paupertatem,
854 803 981 870 dolorem,
994 804 1058 859 unic

266 882 363 936 sionem
372 881 449 935 ctiam
458 880 603 943 liberorum,
610 880 817 951 propinquorum,
828 878 980 945 amicorum,
991 896 1059 951 quum

266 958 349 1012 facore
361 957 478 1028 cuiquam
490 956 616 1026 injuriam.
654 956 681 1010 Si
692 955 755 1010 nihil
771 955 903 1010 existimat
918 960 1012 1011 contra
1022 973 1061 1009 nc-

266 1038 351 1087 turam
366 1033 422 1087 fieri
435 1031 579 1086 hominibus
597 1031 728 1096 violandis,
741 1031 803 1101 quid
821 1049 880 1085 cum
897 1049 929 1086 oo
946 1032 1060 1095 dimetas,

267 1110 311 1180 qui
322 1108 424 1162 omuino
436 1108 561 1162 hominem
575 1127 607 1163 ex
618 1109 720 1163 homine
731 1108 824 1162 cohor
855 1107 902 1162 Sin
914 1108 1061 1180 hrgicndum

267 1186 292 1240 id
305 1185 407 1255 quidem
423 1188 518 1247 censet,
535 1185 580 1239 scd
598 1185 679 1239 multo
696 1185 739 1238 illu
756 1183 850 1254 pejoru,
868 1189 989 1253 mortem,
1009 1204 1062 1254 qau-

268 1265 400 1333 pertatcm
413 1261 540 1325 dolorcm;
559 1266 626 1315 errat
638 1261 666 1315 in
677 1279 716 1323 co,
724 1260 791 1331 quod
802 1259 882 1314 ullum
896 1268 944 1315 aut
954 1261 1061 1332 corporis

269 1344 313 1394 aut
326 1340 434 1393 sortunae
446 1337 537 1393 vitium
549 1337 618 1391 vitiis
629 1337 708 1391 animi
719 1336 822 1407 gravius
834 1336 979 1392 existimat.

304 1415 351 1467 VI.
369 1416 440 1484 Ergo
457 1433 536 1468 unum
554 1413 629 1468 debet
647 1431 703 1468 cose
719 1411 835 1467 omnibus
848 1414 1021 1482 propositum,
1037 1421 1062 1466 ut

268 1490 355 1543 cadem
362 1491 398 1543 cit
406 1491 510 1543 utilitas
520 1489 723 1559 uniucujusque
733 1488 973 1544 aunioemrum:
992 1506 1062 1560 qnam

268 1565 291 1618 si
303 1563 335 1616 ad
347 1581 374 1618 se
386 1564 493 1633 quisque
511 1564 600 1633 rapiat,
612 1563 766 1619 dissolvetur
781 1563 863 1617 omnic
879 1563 994 1619 huruuua
1010 1583 1062 1621 con·

231 1638 356 1701 27oortio.
392 1640 478 1709 Atque
490 1639 513 1694 si
524 1640 601 1694 etium
615 1640 665 1694 hoc
676 1645 769 1694 nutura
782 1639 933 1710 proscribit,
947 1646 979 1696 ut
991 1642 1061 1696 homo

270 1713 372 1778 homini,
386 1715 538 1785 quicumque
554 1715 596 1780 nit,
613 1716 647 1771 ob
662 1734 718 1770 eam
736 1716 816 1786 ipsam
834 1732 947 1781 causum,
960 1716 1061 1786 quodin

270 1791 345 1845 homo
357 1791 398 1857 sit,
410 1790 554 1845 consultum
568 1791 645 1846 velit:
664 1810 768 1846 neccsse
785 1795 826 1845 cot
841 1791 986 1847 secundum
1001 1810 1062 1847 cnm·

271 1867 327 1922 dem
337 1871 453 1922 naturum
462 1867 574 1921 omnium
583 1867 720 1922 utilitatem
731 1885 788 1923 croc
795 1884 966 1922 communem.
990 1866 1061 1928 Quod

271 1944 293 1997 oi
305 1944 341 1997 ita
352 1946 400 2011 est,
409 1960 460 1996 una
471 1942 631 1997 continemur
642 1960 730 1998 omncs
741 1947 768 1997 ct
781 1942 868 1997 eudem
880 1942 939 2011 lege
952 1949 1061 1999 nutum:

271 2017 346 2089 idque
359 2019 442 2088 ipsum
454 2019 477 2074 oi
489 2018 526 2073 ita
537 2022 584 2084 cot,
594 2022 663 2073 ccrtc
676 2018 769 2074 violare
781 2018 888 2073 ultorum
898 2022 1001 2075 nuturae
1011 2021 1062 2089 lcgr

271 2094 440 2162 prohibemur.
471 2095 567 2149 Verum
579 2102 664 2149 cutem
678 2095 793 2164 primurm
820 2095 916 2149 verum
929 2095 1012 2165 igitur
1024 2113 1062 2150 cx·

233 2177 264 2222 28
274 2173 390 2223 tremum.
415 2171 483 2225 Nam
491 2169 555 2224 illud
566 2170 667 2240 quidem
676 2169 813 2226 absurdum
824 2171 951 2241 estquod
966 2172 1062 2243 quidun

274 2243 369 2308 dicunt,
383 2246 481 2313 parenti
496 2264 524 2300 sc
541 2251 586 2300 aut
601 2247 676 2301 fratri
689 2246 751 2301 nihil
768 2245 929 2301 detracturos
946 2250 989 2303 oui
1000 2266 1063 2303 com·

274 2318 340 2371 modi
362 2336 452 2384 cauom
480 2321 553 2375 ulium
572 2323 694 2377 rationem
714 2340 770 2377 mse
788 2321 881 2376 ciuium
901 2323 1062 2394 reliquorum.

275 2392 312 2447 Hi
330 2393 378 2448 sibi
394 2394 457 2448 nihil
470 2397 544 2463 juris,
556 2398 651 2451 nnllam
665 2400 819 2462 societatem,
837 2401 982 2455 communio
1000 2399 1062 2454 utili·

274 2469 336 2525 tctis
352 2487 436 2535 causo,
449 2475 567 2525 statuunt
583 2491 638 2527 esse
655 2492 713 2528 cum
730 2473 842 2528 civibus:
864 2492 922 2543 quae
939 2474 1063 2531 sententio

275 2565 375 2602 ornnem
395 2546 542 2601 sociotatem
562 2547 681 2602 distrahit
699 2549 817 2603 civitatis.
853 2549 908 2608 Qui
926 2556 1015 2607 autem
1032 2550 1063 2605 ci·

275 2624 343 2678 vium
363 2623 486 2678 rationem
505 2621 592 2678 dicunt
609 2624 756 2688 habendum,
775 2628 938 2679 externorum
955 2630 1062 2698 negant:

275 2699 293 2752 ii
306 2699 427 2753 dirimunt
439 2718 594 2754 communem
608 2700 710 2754 humani
722 2700 822 2770 generis
834 2701 999 2757 societatem:
1018 2718 1064 2772 quc

276 2775 383 2838 sublata,
404 2775 576 2839 beneficentia,
596 2775 739 2839 liberalitas,
759 2774 866 2840 bonitas,
884 2779 1022 2844 justitias
1053 2805 1065 2819 ·

276 2849 352 2914 ditus,
372 2851 479 2907 tollitur.
516 2854 578 2918 Qum
596 2852 639 2922 qui
657 2852 758 2917 tollunt,
773 2851 850 2906 ctiam
867 2851 992 2911 udrusus
1007 2854 1064 2910 deoc
