2575 3367
493 308 566 359 un.
584 308 604 357 1.
625 309 701 358 ΟΑΡ.
720 311 755 357 18.
989 313 1021 358 2³

224 417 338 488 proxim
349 417 430 485 utem,
442 421 547 490 totaque
559 419 657 486 domus
669 438 725 492 qum
739 424 838 490 spectat
850 419 876 474 in
888 436 935 473 nos
947 418 1022 483 solos,

226 493 394 565 nequesliud
409 494 488 550 ullum
505 499 591 567 potest
608 496 701 552 habere
719 495 877 566 perfugium:
904 494 1021 565 deinceps

229 568 294 625 liene
311 570 488 627 convenientes
503 571 647 643 propinqui,
656 571 805 644 quibuscum
819 571 895 625 etiam
912 589 1021 626 commu·

231 646 270 701 nis
294 645 442 718 plerumque
466 646 570 702 fortuna
593 651 641 703 est.
689 647 859 714 Quamobrem
882 647 1023 702 ncccssuriu

232 723 349 794 praesidia
359 724 418 780 vitae
430 723 554 780 debentur
565 725 597 780 iis
609 726 724 790 mammo,
735 743 799 796 quos
811 728 870 779 ente
881 723 953 789 diui;
971 724 1024 778 vila

231 803 325 865 autem,
338 801 471 873 victusque
490 802 637 868 eommunis,
653 801 765 866 consilis,
783 818 920 864 sermones,
936 799 1023 856 collor-

231 876 349 944 tstiones‚
361 876 553 942 consolationes,
567 878 694 933 interdum
707 879 783 933 dium
796 877 985 949 objurgationes
998 877 1023 930 iu

226 952 348 1008 amicitiis
358 953 445 1022 uigent
457 953 580 1010 maxime:
604 959 695 1025 estque
704 973 734 1010 ea
741 954 927 1024 jucundissima
938 954 1023 1010 urrici-

225 1028 276 1092 ·tia,
289 1046 364 1099 quum
376 1029 515 1084 similitudo
527 1048 625 1085 morum
637 1030 792 1102 conjugavit.

265 1105 372 1160 XVIII.
380 1105 636 1162 Sedinhisomnibus
644 1108 732 1163 officiis
740 1105 880 1162 tribuendis
888 1105 1022 1161 videndum
1037 1119 1068 1163 ct

227 1181 288 1243 erit,
296 1180 358 1252 quid
369 1182 460 1252 cuique
473 1183 580 1239 maxime
592 1201 695 1239 neeesse
707 1183 749 1248 sit,
759 1181 856 1253 etquid
866 1182 972 1253 quisque
985 1182 1024 1236 vcl

228 1257 286 1313 sine
297 1257 372 1313 nobis
385 1263 429 1312 aut
441 1259 521 1329 possit
534 1260 662 1330 consequi,
675 1263 783 1314 autnon
794 1258 883 1328 possit.
914 1259 957 1313 ltu
974 1276 1025 1312 nou

230 1333 306 1389 iidem
314 1342 391 1389 erunt
400 1334 614 1391 necessitudinum
623 1335 725 1406 gradus,
733 1335 778 1406 qui
786 1339 926 1404 temporum
935 1356 942 1399 ;
953 1340 1025 1387 sunt·

228 1410 376 1480 queofficis,
385 1411 504 1482 quasellis
513 1412 601 1482 magis,
610 1430 685 1484 quum
695 1411 751 1465 aliis
759 1409 913 1465 debeantur:
927 1415 957 1464 ut
965 1409 1025 1465 vici·

228 1505 293 1545 num
305 1487 381 1544 eitius
393 1486 519 1557 odjuveris
531 1487 559 1542 iu
570 1487 697 1544 fructibus
709 1485 884 1559 percipiendis,
893 1504 967 1557 quum
980 1494 1025 1541 siut

232 1563 336 1617 fratrem
350 1567 394 1618 aut
406 1563 569 1629 familiarem
592 1567 626 1631 at,
639 1564 661 1619 si
672 1563 704 1618 lis
716 1564 743 1621 in
756 1562 854 1632 judicio
870 1563 912 1629 sit,
926 1564 1026 1634 propin·

229 1657 310 1709 quum
323 1640 408 1710 potius
420 1643 446 1694 et
459 1639 574 1707 amicum,
584 1658 659 1711 quam
671 1640 780 1695 ricinum
790 1638 939 1695 detonderis.
962 1639 1026 1694 Huc

229 1716 312 1786 igitur
326 1720 354 1771 et
371 1715 432 1771 talia
449 1715 674 1786 circumspicienda
691 1716 793 1772 suntin
810 1716 878 1770 omni
893 1715 982 1779 officio,
1000 1720 1026 1768 ct

228 1790 390 1849 consuetudo
408 1790 606 1863 exercitatioque
624 1792 752 1863 capienda,
770 1791 876 1847 utboni
894 1790 1026 1846 ratiociuu·

232 1871 302 1925 tores
314 1867 455 1923 officiorum
471 1885 527 1922 esso
545 1868 679 1938 possimus,
692 1874 719 1924 et
737 1866 851 1924 addendo
870 1865 1026 1920 deducendo·

232 1961 282 2015 que
294 1942 387 2010 videre,
400 1961 456 2014 quse
475 1943 564 2014 reliqui
583 1963 681 1999 sumnia
695 1945 754 1999 fiat:
781 1962 813 1998 ex
829 1961 887 2014 quo,
902 1947 1024 2012 quantum

224 2019 324 2091 cuique
335 2018 466 2084 debeatur,
479 2019 613 2092 intelligas
651 2021 702 2075 Sed
714 2025 744 2075 ut
753 2038 800 2075 nec
812 2019 910 2085 medici,
922 2035 969 2072 noc
981 2017 1025 2072 iru-
1040 2028 1071 2071 ou

226 2099 372 2168 peratores,
389 2099 573 2163 resonaturus,
590 2096 704 2167 quamvis
723 2095 785 2150 artis
802 2098 927 2165 prmccpts
943 2111 1027 2164 peroc-

227 2172 326 2243 -periut,
338 2171 474 2242 quidquam
487 2190 579 2243 mogus
590 2171 664 2227 laude
674 2174 779 2242 dignum
791 2171 846 2226 siue
859 2188 907 2224 usu
919 2173 946 2225 et
958 2188 1026 2226 encr-

232 2248 355 2304 citatione
372 2248 492 2318 consequi
509 2251 623 2318 possunt,
637 2249 673 2304 sio
690 2247 765 2302 officii
783 2245 948 2303 conservandi
964 2265 1028 2317 prm-

225 2327 311 2394 ·oepta
324 2323 462 2380 truduntur
477 2324 521 2379 ille
536 2323 647 2395 quidem,
664 2328 695 2379 ut
714 2324 819 2379 facimus
837 2323 901 2394 ipsi;
929 2323 974 2378 sed
992 2323 1029 2378 rei

226 2399 384 2470 ‚magnitudo
402 2418 477 2454 nsum
498 2417 598 2471 quoque
617 2400 873 2472 exercitationemque
895 2399 1027 2454 desiderat.

225 2479 321 2547 ¹rltque
333 2475 366 2531 sb
377 2476 410 2530 iis
421 2475 504 2541 rebus,
515 2494 572 2546 qnae
584 2480 644 2531 sunt
657 2477 684 2531 in
691 2480 751 2546 jure
764 2476 893 2532 societatis
906 2475 1029 2546 humum,

224 2551 445 2624 quemadmodum
467 2551 575 2607 ducatur
595 2553 738 2618 honestum,
759 2570 792 2607 ex
811 2569 862 2622 quo
882 2555 970 2619 aptum
988 2555 1028 2603 est

229 2629 350 2695 officium,
362 2628 426 2683 sutis
438 2628 491 2684 lere
503 2627 634 2684 diximus.-

270 2703 470 2775 Intelligendum
482 2706 521 2758 est
534 2708 626 2769 autern,
640 2724 719 2775 quum
732 2701 862 2777 proposita
873 2699 924 2754 sint
937 2716 1029 2768 genum
1042 2706 1070 2750 tl

231 2786 352 2854 quatuor,
365 2800 380 2836 e
392 2780 484 2853 quihus
500 2781 619 2839 honestas
638 2783 796 2851 officiumque
812 2781 933 2841 munsrct,
947 2776 1029 2847 splcu-

229 2859 395 2917 didissimum
407 2856 495 2923 videri,
509 2857 577 2928 quod
588 2859 672 2913 animo
685 2873 772 2927 mopso
784 2855 895 2924 elatoque
911 2856 1031 2908 tumens
