2575 3367
1004 227 1099 235 —w—

496 299 564 351 ΜΒ.
583 301 602 350 Ι.
621 301 696 351 CAP.
713 304 737 358 4,
754 303 777 349 5.
1012 304 1027 355 l

236 411 403 468 necmsarium
415 408 540 468 ducimus.
566 413 607 467 Ex
619 430 670 483 quo
681 411 841 481 intelligitur,
852 411 920 482 quod
933 430 1028 478 serum,

237 489 344 556 simplex
356 489 532 558 sincerumque
543 489 585 553 sit,
595 487 621 544 id
632 507 689 544 esse
700 491 798 544 naturae
809 487 918 544 hominis
927 487 1028 558 aptissi-

237 584 316 619 mum.
353 565 424 619 Huic
435 565 488 619 veri
500 564 601 620 videndi
619 564 754 636 cupiditati
765 564 885 634 adjuncta
901 570 941 619 est
953 582 1028 634 appe-

236 642 297 696 titio
306 640 420 711 quaedam
432 641 597 711 principatus,
606 646 636 696 ut
648 641 742 696 nemini
755 658 842 712 parere
853 640 954 695 animus
964 640 1028 695 benc

237 735 253 771 a
269 721 361 771 natura
375 716 528 771 informatus
539 716 609 782 velit,
621 717 671 772 nisi
683 716 838 788 praecipienti
855 722 900 771 aut
917 716 1026 781 docenti,

236 797 282 848 aut
293 793 413 847 utilitatis
425 810 502 847 cansa
516 793 586 863 juste
598 797 625 848 et
637 793 750 865 legitime
760 793 910 864 imperanti:
928 811 961 848 ex
977 810 1028 864 quo

236 868 386 940 magnitudo
406 869 484 923 animi
504 869 606 924 exsistit
624 869 841 940 humanarumque
864 887 948 925 rerum
968 887 1028 924 con·

235 945 353 1015 temptio.
389 945 446 999 Nec
458 962 518 999 vero
535 944 578 1000 illa
595 963 673 1016 parva
683 945 722 1001 ris
739 949 837 1000 naturas
854 951 894 1000 est
911 944 1065 999 rationis-ll

235 1039 294 1092 que
307 1020 376 1091 qnod
386 1039 466 1076 unum
483 1022 533 1076 hoo
550 1021 642 1077 animal
654 1021 742 1087 sentit,
753 1021 815 1092 quid
832 1021 866 1076 sit
883 1020 954 1087 ordo,
966 1021 1028 1091 qnid

233 1096 277 1161 sit,
290 1096 359 1167 qnod
370 1096 465 1162 deceat,
479 1097 506 1151 in
517 1096 592 1152 lactis
604 1097 731 1169 dictisque
739 1098 796 1166 quis
806 1097 903 1152 modus.
935 1097 1027 1168 Itaque

233 1189 321 1226 eorum
340 1173 535 1243 ipsorumque
552 1177 658 1243 aspectu
675 1174 829 1238 sentiuntur,
844 1172 940 1228 nullum
959 1172 1026 1227 sbud

234 1248 327 1303 animal
338 1249 562 1319 pulchritudinem,
574 1253 742 1317 venustatem,
754 1248 953 1304 convenientiam
970 1266 1027 1318 par·

233 1325 299 1379 tium
317 1325 405 1379 sentit.
441 1324 524 1384 Quam
546 1324 737 1380 similitudinem
754 1328 847 1378 natura
863 1325 977 1394 ratioque
994 1324 1026 1379 ab

231 1401 314 1455 oeulis
332 1400 365 1455 ad
382 1401 492 1455 animum
511 1401 674 1465 transferens,
687 1400 769 1456 multo
786 1401 861 1454 etiam
879 1399 959 1469 magis
972 1400 1027 1470 pul·

232 1477 412 1545 chritndinem,
424 1477 601 1545 constantiam,
613 1476 727 1532 ordinem
738 1477 766 1532 in
776 1475 888 1532 consiliis
902 1475 1026 1548 tactisque

232 1552 434 1607 conservandum
446 1557 530 1624 putat,
543 1557 673 1624 cavetque,
686 1572 718 1608 ne
731 1553 792 1624 quid
804 1552 921 1608 indecore
932 1553 1026 1608 effemi-

233 1632 325 1684 nateve
336 1627 428 1694 faeiat3
446 1632 503 1683 tmn
514 1629 542 1684 in
553 1629 672 1685 omnibus
683 1633 711 1685 et
728 1629 889 1699 opinionibus
904 1632 931 1684 et
943 1629 1025 1695 lactis,

232 1722 266 1759 ne
284 1703 347 1775 quid
363 1704 496 1760 libidinose
514 1708 560 1759 aut
577 1705 655 1760 faciat
672 1709 718 1761 aut
735 1705 839 1777 cogitet.
874 1705 976 1766 Quibus
993 1724 1025 1761 ex

231 1780 308 1835 rebus
321 1781 446 1835 conflator
457 1783 484 1835 et
496 1781 604 1836 efficitur
614 1781 726 1853 idqood
734 1782 877 1853 querimus,
886 1785 1024 1836 honestum

231 1856 301 1926 quod
312 1857 389 1911 etium
402 1857 423 1911 ai
437 1856 598 1912 nobilitatum
609 1876 661 1913 non
673 1858 715 1924 sit,
724 1862 810 1913 tamen
821 1858 957 1913 honestum
968 1860 1023 1923 est;

230 1932 350 2003 quodque
362 1951 421 1988 vere
433 1931 547 2000 dicimus,
561 1933 638 1990 etium
650 1935 673 1990 si
688 1933 785 1990 anullo
797 1933 921 2001 laudetur,
933 1937 1025 1988 natura

229 2027 288 2064 esse
300 2007 433 2063 laudabile.

265 2084 299 2138 V.
318 2084 436 2139 Formam
455 2084 556 2156 quidem
573 2086 662 2157 ipsam,
681 2086 770 2142 Marce
787 2085 830 2150 fili,
847 2088 874 2140 et
894 2088 1022 2156 tamqnam

230 2160 321 2215 faciem
332 2161 433 2216 honesti
445 2161 530 2219 vides:
549 2182 604 2234 que
615 2166 639 2218 εἰ
651 2165 728 2218 ceula'a
738 2166 885 2228 meter,
898 2163 1022 2218 mirabiles

229 2254 329 2305 amorem
339 2242 369 2292 nt
379 2237 415 2292 ait
427 2237 509 2304 Plato,
519 2242 640 2295 excitaret
648 2242 784 2310 sapientie.
802 2237 943 2303 Sedomne,
953 2238 1023 2309 quod

229 2317 270 2368 est
283 2313 426 2379 honestum,
437 2314 464 2369 id
476 2319 705 2386 qualuorpurtiam
718 2317 801 2371 oritur
812 2334 844 2371 ex
853 2315 943 2386 aliqua.
970 2317 1021 2369 eut

228 2388 295 2444 enim
314 2391 341 2444 in
359 2391 538 2460 perspicientia
549 2391 604 2447 veri
620 2392 783 2463 sollertisque
795 2395 918 2457 versatur,
931 2395 976 2447 aut
994 2392 1021 2446 in

228 2465 360 2520 hominum
376 2467 498 2522 societate
515 2467 619 2533 tuenda,
631 2469 817 2539 tribuendoque
833 2486 908 2523 suum
920 2468 1018 2538 cuique,

228 2545 256 2596 et
266 2561 352 2596 rerum
369 2546 559 2599 contractarum
571 2544 629 2612 fide,
640 2549 686 2600 aut
698 2545 725 2600 in
741 2546 818 2600 animi
835 2544 927 2601 excelsi
943 2547 1019 2614 atque

227 2618 316 2673 invicti
327 2619 503 2690 magnitudine
514 2638 544 2675 ac
556 2621 654 2687 robore,
663 2631 708 2676 aut
719 2622 746 2676 in
758 2621 942 2690 omniumque
953 2619 1018 2673 fiunt

227 2712 334 2766 qumque
346 2694 474 2760 dicuntur,
487 2695 574 2752 omline
586 2700 613 2751 et
624 2698 706 2763 modo,
719 2699 747 2753 in
758 2715 808 2769 quo
817 2697 884 2750 inest
895 2695 1019 2750 modestia

225 2774 253 2825 ct
265 2771 443 2841 temperantia.
480 2774 543 2837 Quas
555 2777 665 2843 quatuor
676 2790 828 2844 quamquam
840 2772 908 2826 iuter
923 2789 951 2826 se
968 2771 1055 2829 col-15

224 2847 307 2917 ligata
319 2852 397 2917 etque
409 2847 537 2919 implicata
549 2855 617 2917 snut,
629 2853 715 2904 tamen
726 2868 757 2904 ex
770 2848 876 2917 siugulis
885 2852 955 2904 certe
966 2848 1016 2905 offi-
