2575 3367
289 322 319 368 156
571 318 619 365 DE
638 317 799 366 OFFICI‘IS'

288 435 410 474 scarras.
448 418 519 478 Quid
535 419 649 476 adhunc
666 419 886 475 mansuetudinem
902 419 961 475 addi
976 421 1080 492 potasti

288 514 356 561 eum,
365 495 465 566 quicum
479 495 572 550 bellurn
585 515 667 567 geras,
677 501 732 551 tam
744 496 812 550 molli
824 496 925 550 nomine
935 497 1081 567 appellare?

279 571 450 642 ¹i'inamquam
471 571 498 626 id
517 590 610 626 nomen
631 572 719 627 durius
740 573 823 626 effecit
842 573 893 641 jam
912 577 1043 627 vetustas:
1067 591 1083 627 a

289 649 422 719 peregrino
443 648 511 702 euim
531 648 644 714 recessit,
667 652 696 703 et·
716 648 816 718 proprie
839 648 867 702 in
887 666 925 713 eo,
948 649 993 718 qni
1014 667 1083 703 arma

248 728 378 779 tseontra
389 724 475 790 ferret,
487 724 616 779 remansit.
653 724 741 784 Quum
753 742 814 779 vero
830 724 862 778 de
877 723 984 793 imperio
999 724 1082 779 decer·

283 803 361 854 'tatur
375 799 492 870 belloque
508 800 631 870 quaeritur
645 800 734 871 gloria,
750 818 839 855 causas
857 800 960 854 omnino
976 800 1081 856 subesse
1127 829 1128 842 ἢ

288 879 376 930 tamen
388 878 489 945 oportet
502 875 610 941 easdem,
621 894 685 945 quas
697 876 751 930 dixi
762 876 847 946 paullo
859 880 918 931 ante
928 876 1013 946 justas
1025 894 1084 931 can·
1125 906 1127 919 =

288 969 330 1006 sas
342 968 398 1006 esse
411 951 542 1007 bellorum.
579 951 629 1007 Sed
645 970 676 1007 ea
691 952 765 1017 bella,
778 952 870 1022 quibus
883 953 982 1021 imperii
992 970 1084 1024 propo-

290 1027 340 1082 sita
355 1026 437 1098 gloria
453 1030 501 1093 est,
518 1027 602 1082 minus
620 1027 710 1084 acerbe
726 1027 838 1098 gerenda
854 1032 923 1082 erint.
960 1029 1000 1083 Ut
1016 1029 1082 1083 enim

245 1112 249 1130 ’·
289 1121 349 1158 oum
365 1103 414 1158 ciri
430 1102 504 1158 aliter
521 1103 711 1169 contendimus,
722 1104 745 1158 si
762 1109 803 1158 est
820 1104 946 1171 iuimicus,
962 1105 1043 1169 aliter,
1061 1105 1083 1158 si

289 1178 441 1249 competitor
448 1199 461 1245 ;.
474 1196 533 1234 eum
549 1179 629 1234 altero
646 1184 775 1235 certamen
789 1179 892 1234 honoris
909 1184 936 1234 et
950 1179 1083 1250 dignitatis

289 1265 337 1320 est,
356 1273 414 1310 eum
436 1255 516 1310 altero
535 1255 625 1326 capitis
643 1261 670 1311 et
691 1256 782 1310 fame:
806 1255 843 1310 sio
863 1273 921 1310 oum
939 1255 1081 1320 Celtiberis,

288 1348 347 1386 eum
365 1331 475 1386 Cimbris
490 1330 591 1397 bellum,
608 1335 638 1387 nt
657 1350 716 1387 carn
733 1331 856 1395 inimicis,
866 1331 1009 1400 gerebatur,
1025 1337 1083 1387 nter

291 1410 365 1473 esset,
378 1425 431 1461 non
445 1410 507 1461 uter
519 1407 655 1478 imperaret
663 1429 674 1473 ;.
692 1425 750 1462 eum
766 1407 874 1471 Latinis,
891 1406 1003 1473 Sabinis,
1015 1408 1083 1461 Sam-

288 1481 394 1549 ultibus,
406 1482 500 1546 Poenis,
517 1483 615 1552 Pyrrho
631 1482 663 1536 de
680 1483 785 1553 imperio
801 1481 974 1537 dimicabatur.
1003 1480 1083 1538 'Poeni

288 1556 424 1627 ioedifragi,
436 1556 544 1611 cnrdelis
557 1557 701 1624 Hanniba13
721 1558 811 1629 reliqui
824 1558 962 1627 justiores.¹
991 1560 1083 1631 Pyrrhi

290 1631 391 1704 quidem
404 1631 435 1686 de
448 1631 555 1703 captivis
567 1633 701 1688 reddendis
713 1634 756 1688 illa
767 1633 900 1704 praeclara:

349 1713 373 1759 N
374 1728 400 1760 ec
409 1715 443 1760 mi
453 1728 534 1760 auram
545 1729 672 1774 posceres
681 1717 714 1761 mi
724 1717 824 1774 pretium
834 1717 963 1763 dederitisl*

350 1778 400 1825 Nee
410 1786 566 1838 cauponantes
575 1781 670 1835 bellurn,
679 1781 721 1826 sed
730 1781 900 1838 belligerantes,

348 1843 425 1900 Ferro,
435 1859 482 1890 nou
492 1858 548 1890 auro
557 1845 763 1891 vitameernamus
773 1845 872 1903 utrique.

349 1909 427 1956 Vosne
437 1909 502 1963 velit,
512 1923 542 1955 au
552 1923 589 1955 me
599 1923 702 1968 regnare,
711 1909 769 1955 hera
777 1910 863 1968 quidve
872 1910 931 1955 ferat
940 1909 993 1966 fors,

350 1974 444 2021 Virtute
454 1975 607 2033 experiamur.
637 1975 670 2020 Et
679 1975 724 2020 hoe
733 1974 802 2019 simul
812 1975 891 2033 accipe
901 1974 1005 2020 dictum:

350 2039 453 2094 Quorum
464 2039 546 2086 virtuti
556 2040 611 2086 belli
621 2040 714 2085 fortuna
723 2039 831 2097 pepercit,

350 2103 490 2149 Eorumdenn
499 2118 537 2150 me
547 2105 649 2150 libertati
659 2116 751 2162 parcere
761 2109 849 2148 eertum
859 2106 916 2148 ests

350 2167 423 2223 Douo,
436 2169 520 2222 ducite,
530 2169 603 2227 doque
613 2168 740 2214 volentibu’
750 2181 803 2212 curn
813 2167 904 2225 magnis
913 2167 957 2213 dis.

292 2236 398 2305 Regalis
410 2256 471 2292 saue
483 2243 509 2292 et
521 2238 598 2309 digna
609 2238 771 2294 ,discidarum
784 2256 876 2309 genere
888 2237 1021 2293 sententia.

254 2327 285 2375 39
330 2313 409 2366 XIII.
424 2314 509 2385 Atque
517 2314 691 2385 etiamsiquid
700 2313 964 2384 singuii‚temporibus
972 2314 1082 2379 adducti,

292 2387 360 2442 hosti
372 2388 549 2458 promiserunt,
561 2394 601 2444 est
613 2390 641 2443 in
652 2407 682 2443 eo
700 2389 755 2460 ipso
771 2388 833 2443 fides
849 2389 1034 2445 cousemanda:
1054 2396 1083 2444 ut

293 2463 374 2535 primo
385 2464 483 2518 Punico
500 2464 565 2519 bello
580 2465 696 2536 Regulus
711 2470 802 2536 captus
818 2483 834 2518 a
849 2466 948 2531 Poenis,
956 2485 1035 2537 quum
1052 2466 1084 2521 de

293 2539 399 2610 captivis
413 2541 599 2596 commutandis
611 2541 718 2595 Romam
731 2542 824 2595 missus
835 2546 911 2608 esset,
922 2542 1084 2613 jurassetque

293 2615 488 2671 sareditarum:
507 2620 625 2686 primum,
638 2621 667 2670 ut
679 2618 756 2681 venit,
770 2617 884 2686 captivos
900 2617 1041 2673 reddendos
1058 2619 1085 2672 in

293 2698 447 2747 senatu-non
459 2693 573 2759 censuit;
591 2692 689 2757 deinde,
703 2711 780 2763 quum
793 2694 947 2749 retineretur
958 2713 974 2748 a
985 2696 1084 2765 propin·

294 2769 351 2836 quis
369 2775 395 2822 et
413 2769 445 2823 ab
463 2769 557 2832 amicis,
575 2768 607 2822 ad
624 2768 775 2839 supplicium
795 2768 878 2824 redire
895 2770 991 2835 maluit,
1009 2789 1084 2839 quam

255 2843 368 2905 aolidem
379 2844 540 2900 hoslidatam
550 2844 645 2899 fallere.
670 2844 799 2910 [Secundo
809 2849 895 2900 summ
903 2847 1001 2902 Punico
1010 2847 1083 2913 bello,
