2575 3367
409 319 500 368 'LIB.
519 320 571 367 111.
588 320 663 366 CAP.
681 322 722 377 24,
737 322 775 366 25.
962 323 1006 370 rel

217 451 256 500 eo,
269 433 370 502 quieum
383 432 523 501 pepigerat,
534 432 661 502 impetret,
674 438 704 485 ut
720 431 813 485 iterum
825 448 855 485 eo
866 431 941 486 lioeat
953 431 1009 486 uti:

216 508 280 578 quid
292 507 433 562 faciendum
446 509 487 562 sit.
524 507 609 566 Quum
629 507 664 562 sit
682 507 704 561 is
722 507 882 572 inhumanus,
895 508 940 578 qui
956 526 1009 562 non

217 585 348 649 concedat,
361 602 408 639 neo
425 584 449 638 ei
467 583 604 653 quidquam
621 584 666 637 fiat
681 583 797 652 injuriae;
816 583 875 638 vita
891 588 918 638 et
931 584 1008 640 saluti

217 660 408 716 consulendum.
445 659 531 725 Quid?
550 661 572 714 si
584 660 628 728 qui
640 661 739 730 sepiem
751 662 857 730 rogatus
869 659 901 715 ab
913 678 951 728 eo,
964 660 1007 731 qui
1015 669 1046 715 93

217 755 278 792 eum
290 736 407 791 heredem
419 736 503 800 faeiat,
517 753 593 806 quum
603 738 627 790 ei
638 746 783 790 manaem
795 737 937 790 morracium
948 739 1009 791 mil·

218 815 265 868 lies
282 815 490 884 relinquentesque
506 822 574 878 aare,
586 830 666 883 quam
680 813 842 867 hereditatam
857 813 939 880 αᾰεαι,
957 814 1010 867 luce

216 890 311 960 palam
328 892 359 943 ia
368 890 431 959 soro
447 891 526 956 salat,
538 888 565 943 id
582 907 609 943 se
627 889 754 944 facturum
771 888 921 958 promiserit,
941 887 1009 959 quod

218 965 295 1019 aliter
315 983 373 1019 eum
391 965 511 1020 heredem
528 965 669 1035 scripturus
686 965 728 1019 ille
745 983 798 1019 non
815 969 898 1020 esset:
922 965 1008 1030 faeiat,

219 1042 290 1112 quod
301 1042 452 1112 promiserit,
464 1043 562 1097 neone?
592 1041 743 1096 Promisisse
754 1041 854 1109 nollem,
866 1045 893 1097 et
904 1041 931 1097 id
943 1043 1010 1097 arbi·

219 1121 277 1171 tror
288 1118 366 1172 fuisse
378 1117 518 1189 gravitatis.
556 1118 684 1177 Quoniam
700 1118 824 1188 promisit,
838 1119 860 1173 si
878 1119 970 1175 saltare
982 1119 1010 1174 in

219 1195 278 1249 foro
290 1197 364 1264 turpe
378 1195 463 1259 ducet,
474 1195 606 1249 honestius
621 1195 767 1260 mentietur,
780 1196 803 1249 si
819 1213 852 1249 ex
868 1195 1010 1250 hereditate

220 1271 286 1325 nihil
309 1273 411 1341 ceperit,
432 1270 482 1325 nisi
501 1271 568 1325 forte
591 1289 644 1327 earu
668 1271 799 1339 pecuniam
819 1272 847 1325 in
866 1271 1010 1341 reipublicae

220 1365 342 1416 magnum
355 1346 455 1418 aliquod
467 1350 567 1416 tempus
579 1347 731 1402 contulerit:
749 1351 779 1401 ut
788 1347 828 1402 vel
839 1347 931 1406 saltare.
943 1365 1013 1414 eum„

222 1441 303 1494 quum
313 1424 402 1493 patriae
413 1423 576 1478 consulturus
588 1423 630 1488 sit,
643 1427 719 1493 turpe
730 1442 783 1477 nou
794 1425 835 1478 sit.
993 1419 996 1425 ’

258 1499 341 1553 XXV.
359 1501 397 1554 Ao
416 1518 448 1554 ne
466 1499 509 1554 illa
530 1498 631 1570 quidem
655 1500 778 1570 promissa
800 1499 921 1555 servanda
941 1503 1052 1567 sunt,94

223 1593 281 1647 quae
292 1592 345 1629 non
355 1581 416 1630 suut
427 1576 458 1631 iis
469 1577 531 1646 ipsis
542 1577 623 1642 utilia,
637 1577 728 1648 quibus
740 1577 783 1632 illa
793 1577 944 1648 promiseris.
968 1577 1012 1633 Sol

224 1653 382 1708 Phaethonti
398 1653 457 1718 filio,
474 1657 505 1709 ut
522 1654 653 1709 redeamus
671 1653 704 1708 ad
720 1653 826 1720 fabulas,
836 1657 971 1724 saetarum
987 1672 1013 1708 se

223 1747 274 1782 ease
291 1728 363 1794 dixit,
382 1731 508 1802 quidquid
524 1741 638 1802 optumet.
682 1731 794 1802 Optavit,
813 1740 842 1784 ut
861 1734 892 1785 ire
911 1747 1011 1785 marram

223 1808 309 1875 patris
331 1809 462 1862 tolleretur.
498 1807 618 1863 Sublatus
641 1811 690 1862 est.
720 1811 806 1878 Atque
826 1806 858 1872 is,
877 1810 1013 1877 antequam

224 1882 349 1947 constitit,
361 1882 415 1938 iotu
426 1881 537 1939 fulminis
550 1884 705 1955 deflagravit.
741 1883 846 1942 Quanto
857 1881 947 1937 melius
960 1882 1014 1936 fue·

224 1960 275 2022 rat,
284 1957 311 2012 in
322 1958 372 2014 hoo
383 1959 533 2030 promissum
542 1961 621 2030 patris
634 1978 686 2014 non
697 1977 753 2014 esse
761 1959 902 2017 serratum!
922 1957 1015 2017 Quid?

225 2034 295 2106 quod
303 2035 415 2091 Theseus
427 2037 512 2108 exegit
524 2037 675 2105 promissum
687 2055 702 2090 a
713 2036 856 2106 Neptuno?
876 2035 922 2089 (ini
935 2053 1014 2105 quarn

224 2117 280 2168 tres
300 2114 443 2183 optationes
463 2113 601 2186 Neptunus
622 2113 741 2180 dedisset,
761 2113 860 2184 optavit
881 2112 1015 2168 interitum

225 2190 361 2262 Hippolyti
381 2191 433 2256 filii,
454 2209 531 2263 quum
551 2191 573 2245 is
593 2190 661 2260 patri
679 2194 814 2260 suspectus
833 2193 901 2245 esset
921 2189 953 2245 de
970 2207 1016 2245 no·

225 2285 315 2324 veroa:
334 2286 384 2339 quo
402 2271 490 2338 optato
507 2268 651 2338 impetrato,
662 2268 775 2323 Theseus
791 2267 818 2322 in
833 2267 948 2323 maximis
965 2266 1016 2322 fuit

224 2344 345 2399 luctibus.
370 2343 461 2403 Quid?
479 2345 661 2414 Agamemnon,
675 2364 753 2415 quum
765 2344 907 2400 devovisset
918 2345 1016 2413 Dianae,
1024 2356 1055 2404 95

225 2421 294 2492 quod
304 2424 335 2475 io
345 2439 388 2474 auo
400 2439 477 2491 repam
492 2420 691 2492 pulcherrimam
707 2432 798 2476 aarum
809 2432 868 2479 esset
879 2424 924 2477 illo
936 2439 1016 2491 uano,

225 2496 366 2552 immolarit
385 2496 551 2568 Iphigeniam,
564 2515 614 2568 qua
629 2497 692 2552 nihil
709 2502 765 2553 erat
782 2517 813 2552 eo
831 2498 932 2569 quidem
950 2514 1017 2551 anno

225 2577 316 2629 uatum
335 2573 472 2644 pulchrius.
513 2574 670 2628 Promissum
690 2574 776 2644 potius
795 2592 847 2628 non
865 2572 1017 2638 faciendum,

226 2668 302 2723 quam
314 2652 368 2704 tam
383 2652 486 2705 taetrum
503 2650 600 2704 facinus
616 2650 801 2706 admittendum
817 2649 873 2703 init.
908 2649 978 2719 Ergo
990 2653 1017 2704 et

226 2727 350 2796 promissa
364 2744 416 2780 non
430 2726 545 2781 iacienda
558 2744 747 2796 nonnunquam,
759 2744 841 2796 neque
858 2742 957 2795 semper
975 2724 1018 2779 de-

226 2804 310 2872 posita
321 2801 455 2856 reddenda.
491 2803 519 2856 Si
530 2802 641 2872 gladium
658 2803 715 2872 quis
733 2801 800 2870 apud
815 2805 842 2856 te
858 2818 919 2855 sana
933 2806 1018 2855 mente

227 2879 380 2950 deposuerit,
403 2882 501 2949 repetat
524 2879 667 2934 insaniens:
695 2879 799 2933 reddere
820 2881 951 2948 peceatum
973 2880 1017 2943 sit,
