2575 3367
263 320 294 367 u
479 322 482 327 '
586 316 726 366 LAELms

261 428 299 483 ita
310 430 442 483 eontracta
452 446 493 483 res
511 431 551 483 est
563 430 589 483 et
601 429 712 484 adducta
729 429 756 484 in
770 431 917 500 angustum,
929 431 994 484 uto

261 505 354 560 oaritas
366 510 411 558 aut
423 505 490 558 inter
502 504 565 558 duos
577 509 622 558 aut
634 505 808 576 interponens
816 509 979 575 jungeretur.

297 581 345 636 VI.
365 582 414 636 nst
429 586 513 636 autem
531 581 642 635 amicitia
659 582 723 636 nihil
740 581 817 646 alind,
827 581 878 635 nisi
895 581 994 634 omniur

261 650 377 705 vinorum
402 651 618 720 humanarumque
638 669 724 706 rerum
747 669 806 706 oum
831 650 992 706 benevolenti

262 727 369 782 oaritate
386 744 486 781 summa
500 727 648 780 consensio:
668 745 718 796 qua
735 727 836 796 quidem
853 726 922 780 haud
939 727 994 790 seio,

262 808 370 872 exeepta
390 802 520 871 sapientia,
540 801 678 872 quidquam
700 803 789 857 melius
810 802 908 857 homini
925 803 960 856 sit
977 821 993 856 a

262 878 448 932 immortalibus
466 878 562 932 datum.
598 878 709 933 Divitias
729 878 770 932 alii
788 883 948 949 praeponunt,
967 878 994 934 1)(

263 954 305 1008 alii
317 953 495 1018 valetudinem,
504 953 546 1008 alii
558 955 707 1024 potentiam,
717 955 759 1009 alii
771 956 887 1021 honores,
895 955 994 1010 multis

263 1030 414 1100 voluptates.
434 1030 571 1083 Beluarum
583 1029 631 1084 hoe
644 1030 746 1101 quidem
759 1041 902 1085 extremum
915 1031 994 1101 [est]:

263 1111 348 1162 autem
367 1106 498 1176 superiora
514 1105 610 1160 caduca
627 1111 654 1161 et
672 1107 776 1170 ineerta,
794 1107 878 1177 posita
894 1125 947 1161 uon
961 1111 994 1161 tm

263 1183 374 1239 eonsiliis
394 1183 497 1250 nostris,
521 1200 598 1250 quam
622 1183 650 1236 in
670 1183 781 1237 fortuma
804 1183 959 1237 temeritate,

265 1265 350 1315 autem
362 1260 389 1314 in
401 1260 498 1313 virtute
516 1277 643 1313 summum
657 1259 753 1314 bonum
770 1264 876 1328 ponunt,
891 1259 994 1329 praeclar

265 1336 365 1406 quidem
376 1359 382 1390 :
401 1335 447 1390 sed
458 1336 512 1389 haee
523 1335 579 1403 ipsa
590 1335 672 1388 virtus
684 1336 818 1390 amieitiam
828 1339 856 1390 et
867 1335 952 1405 gignit
964 1339 992 1390 et

264 1413 346 1478 tinet;
364 1430 412 1466 nee
429 1411 483 1465 sine
500 1411 595 1465 virtute
612 1411 723 1466 amicitia
737 1430 793 1466 esse
812 1411 864 1465 ullo
875 1416 952 1482 paeto
964 1429 994 1481 po

226 1500 255 1546 21
265 1489 282 1541 J
283 1507 323 1541 am
335 1488 456 1541 virtutem
468 1505 500 1540 ex
515 1487 699 1542 consuetudine
712 1489 770 1542 vitae
785 1488 960 1558 sermonisque
978 1506 994 1541 n

265 1564 463 1630 interpretemur
483 1581 531 1616 nee
555 1581 619 1627 eam,
643 1568 673 1616 ut
697 1563 799 1635 quidem
822 1563 900 1628 docti,
925 1563 994 1618 verb«

265 1639 452 1709 magnificentia
475 1639 617 1704 metiamur,
637 1639 755 1708 virosque
776 1641 855 1694 bonos
876 1658 929 1704 eos,
950 1640 994 1710 qui

265 1714 365 1780 bentur,
379 1733 548 1778 numeremus,
561 1714 672 1783 Paullos,
686 1717 802 1783 Catones,
812 1715 907 1783 Gallos,
920 1717 994 1786 Scipi

265 1792 362 1849 Philos.
397 1791 448 1846 His
466 1791 606 1845 eommunia
624 1791 679 1845 vita
696 1796 816 1846 eontenta
833 1796 889 1846 est:
912 1811 956 1846 eos
975 1811 994 1846 ar

228 1870 422 1932 220mittamus,
442 1868 486 1938 qui
507 1868 609 1921 omnino
629 1884 755 1938 nusquam
776 1869 946 1938 reperiuntur.
988 1870 994 1920 '.

266 1946 346 2017 igitur
364 1945 430 1999 inter
442 1944 509 1998 viros
528 1943 639 1997 amicitia
651 1949 737 1998 tantas
755 1945 961 2014 opportunitates
975 1944 993 1998 h

267 2025 374 2092 quantas
386 2021 430 2074 vir
441 2038 506 2090 queo
519 2019 609 2074 disere.
628 2021 765 2090 Principio,
773 2021 833 2091 qui·
842 2024 927 2090 potest
940 2039 994 2075 esse

267 2098 364 2162 adalia,
382 2101 412 2151 ut
430 2097 466 2150 ait
481 2096 587 2160 Ennius,
600 2114 659 2165 quae
676 2115 727 2150 non
745 2097 771 2150 in
789 2097 862 2150 amici
879 2101 971 2150 mutua
988 2097 994 2149 1

267 2173 379 2227 volentia
390 2173 572 2242 oonquieseat?
604 2172 671 2237 Quid
685 2172 791 2236 dulcius,
805 2191 880 2242 quam
892 2173 994 2239 habere,

268 2265 326 2302 oum
347 2250 431 2302 omnia
450 2249 542 2303 audeas
562 2249 599 2303 sie
619 2249 696 2319 loqui,
718 2254 748 2302 ut
769 2250 873 2302 tecum?
910 2249 978 2307 Quis

267 2326 355 2378 tantus
369 2325 467 2378 fruetus
483 2326 509 2378 in
527 2327 654 2394 prosperis
667 2325 749 2387 rebus,
763 2325 811 2378 nisi
823 2325 937 2388 haberes
952 2326 994 2395 qui

268 2418 346 2470 aque,
360 2418 389 2454 ae
401 2405 430 2453 tu
445 2401 507 2470 ipse,
521 2401 664 2470 gauderet?
701 2401 827 2455 Adversas
844 2420 904 2455 vero
922 2402 989 2456 ferre

269 2477 315 2532 eile
328 2482 395 2531 esset
408 2477 462 2530 sine
471 2495 508 2543 eo,
517 2477 560 2546 qui
572 2478 627 2530 illas
635 2478 738 2547 gravius
746 2478 829 2541 etiam,
839 2496 914 2547 quam
924 2483 964 2543 tu,
976 2480 994 2532 fr

268 2554 386 2623 Denique
404 2559 495 2608 ceterae
513 2572 560 2619 res,
578 2573 633 2623 quae
652 2561 813 2623 expetuntur,
833 2563 985 2624 opportuna

269 2631 375 2700 singulae
387 2630 462 2685 rebus
476 2631 528 2683 fere
540 2629 662 2698 singulis:
682 2629 784 2697 divitiae,
797 2636 825 2683 ut
838 2637 912 2685 utare
925 2652 933 2696 ;
951 2650 994 2702 op<

269 2707 366 2774 colare3
385 2707 501 2770 honores,
522 2711 552 2759 ut
573 2705 692 2770 laudere;
710 2707 862 2777 voluptates,
885 2713 916 2762 ut
932 2726 994 2780 gau(

610 2863 618 2883 ¹
628 2856 662 2895 Al.
672 2857 712 2895 cui.
