2575 3367
286 321 317 366 20
574 318 622 365 DE
642 317 795 365 OFFICIIS

287 429 378 483 rimum
388 427 530 483 debeatne
556 429 590 484 In
602 447 653 501 quo
665 431 790 485 tamenin
802 429 897 499 primia,
910 447 960 498 qno
973 430 1083 499 quisque

288 505 379 572 animo,
397 505 492 569 studio
509 505 687 560 benevolentia
706 506 805 572 feeerit,
822 504 1011 576 ponderandum
1033 509 1082 559 est.

289 581 369 636 Multi
392 583 460 635 enim
488 581 585 636 faciunt
611 581 694 636 multa
716 583 861 637 temeritate
890 581 1005 650 quadem,
1028 582 1082 635 sine

286 656 384 726 judicio
396 658 436 713 vel
448 657 523 712 modo
535 658 562 712 in
573 675 671 722 omnes,
683 659 722 712 vel
735 659 868 728 repentino
880 656 997 726 quodam.
1011 658 1083 728 quani

290 737 375 807 vento,
382 734 479 803 impetu
489 733 565 788 animi
577 733 691 789 incitati:
708 753 765 805 quae
777 733 898 789 beneficia
909 751 980 803 aeque
992 751 1084 804 magna

291 827 343 882 non
360 813 420 864 eant
437 809 559 876 habenda,
578 814 656 879 etque
674 829 711 876 ea,
730 829 786 882 qnae
803 809 907 880 judioio,
923 809 1084 864 considerate

293 889 489 956 constanterque
501 885 585 940 delata
595 889 664 940 aunt.
702 887 752 941 Sed
767 887 795 940 in
806 885 950 941 oollooando
963 886 1085 940 beneficio

293 966 320 1017 et
331 965 359 1015 in
370 960 502 1016 referende
514 962 603 1033 gratie,
617 962 640 1017 si
652 965 736 1025 cetera
752 962 823 1031 patia
836 964 904 1029 sunt,
916 961 966 1016 hoe
977 962 1086 1017 maxime

293 1038 368 1092 officii
379 1041 427 1103 est,
440 1042 471 1092 nt
484 1039 591 1108 quisque
603 1039 711 1092 maxime
723 1039 778 1108 opis
790 1038 912 1108 indigeat,
923 1038 961 1091 ite
972 1037 997 1091 ei
1008 1039 1086 1108 potis·

294 1114 385 1169 simum
398 1114 535 1184 opitulari:
556 1114 624 1184 qnod
640 1118 730 1169 contre
746 1115 775 1169 fit
792 1133 809 1168 a
825 1113 959 1184 plerisque.
994 1115 1020 1167 A
1036 1132 1086 1185 quo

294 1191 361 1246 enim
376 1191 513 1261 plnn'mum
529 1194 640 1261 sperant,
656 1191 756 1246 etiamsi
771 1190 794 1245 ia
809 1209 861 1245 non
876 1194 944 1260 eget,
960 1195 1047 1245 tamen
1063 1191 1088 1244 ei

295 1268 458 1339 potissimum
469 1267 618 1322 inserviunt.

196 1385 202 1396 ,
251 1357 283 1403 60
329 1344 406 1398 XVI.
424 1344 526 1415 Optime
537 1348 620 1399 autem
633 1343 741 1398 societas
752 1342 882 1397 bominum
891 1342 1087 1413 conjunctioque

295 1420 444 1485 servabitur,
455 1420 484 1485 si,
494 1421 639 1491 utquisque
649 1419 697 1473 erit
709 1419 938 1490 conjunctissimus,
948 1418 985 1473 ita
993 1420 1021 1473 in
1029 1438 1089 1472 enm

295 1495 459 1566 benignitatis
471 1495 768 1566 plurimum'conseretur.
794 1494 844 1549 Sed
853 1513 908 1566 quae
917 1500 1009 1548 natura
1020 1495 1089 1564 prin-

296 1572 361 1641 cipia
373 1572 424 1626 sint
436 1571 624 1625 communitatis
642 1574 669 1624 et
687 1571 816 1626 societatis
831 1571 955 1635 humanae,
971 1574 1089 1640 repeten-

296 1648 357 1702 dum
373 1647 473 1701 videtur
489 1646 572 1700 eitius.
608 1647 658 1701 Est
673 1647 740 1700 enim
755 1647 872 1717 primum,
890 1646 958 1717 quod
976 1647 1090 1700 cernitur

296 1724 323 1778 in
335 1723 445 1778 universi
457 1723 556 1793 generis
570 1722 674 1776 hnmani
689 1724 818 1777 societate.
854 1723 919 1793 Ejus
934 1726 1019 1776 autem
1034 1722 1088 1776 vin·
1114 1785 1119 1795 ι

297 1800 381 1854 culum
393 1803 433 1854 est
445 1800 510 1853 ratio
522 1803 549 1854 et
561 1799 657 1853 oratio:
679 1816 736 1869 quae
748 1798 868 1866 docendo,
881 1797 1007 1862 discendo,
1021 1814 1090 1852 oom-

298 1875 455 1940 munioando,
481 1874 652 1944 disceptando,
671 1873 807 1944 judicando
831 1874 948 1928 concibat
971 1874 1039 1928 inter
1062 1891 1091 1927 ee

297 1952 411 2007 homines
424 1952 606 2022 conjungitque
621 1951 732 2005 naturali
748 1949 854 2021 quadam
872 1950 1001 2005 societate.
1037 1949 1090 2003 Ne-

298 2047 347 2099 que
358 2028 411 2082 ulla
421 2047 449 2083 re
460 2028 562 2098 longius
574 2027 694 2082 absumus
703 2044 719 2080 a
729 2030 822 2081 natura
833 2026 950 2093 teramm,
959 2026 986 2079 in
998 2025 1091 2095 quibus

297 2105 380 2159 inesse
392 2104 568 2159 fortitudinem
583 2122 650 2174 saepe
668 2104 782 2169 dicimus,
793 2107 823 2157 ut
839 2103 867 2156 in
882 2103 961 2172 equis,
974 2102 1001 2155 in
1014 2102 1091 2156 leoni·

263 2201 266 2205 ¹
299 2180 362 2235 bus:
388 2181 524 2250 justitiam,
549 2182 703 2251 aequitatem,
727 2178 868 2234 bonitatem
894 2197 946 2233 non
969 2178 1092 2232 dioimus:

257 2268 286 2312 51
300 2260 360 2311 sunt
372 2257 439 2310 enim
454 2256 559 2309 rationis
574 2258 601 2309 et
618 2254 739 2309 orationis
755 2259 880 2325 expertes.
918 2257 957 2310 Ae
971 2254 1092 2308 latissime

300 2332 401 2405 quidem
422 2334 511 2401 patena
530 2330 673 2384 hominibus
697 2330 764 2385 inter
787 2333 863 2402 ipsos,
886 2331 1002 2386 omnibns
1026 2330 1095 2384 inter

300 2425 395 2472 omnes,
416 2407 522 2462 societas
538 2407 592 2461 baeo
609 2410 663 2461 est:
688 2407 715 2461 in
731 2426 781 2478 qua
796 2409 908 2462 omnium
924 2424 1093 2477 rerumquae

300 2482 333 2538 ad
349 2501 506 2538 communem
520 2482 650 2537 hominum
667 2501 742 2537 usum
759 2489 852 2538 natura
869 2485 966 2555 genuit,
983 2487 1023 2538 est
1041 2501 1094 2537 ser·

300 2565 383 2621 vande
403 2565 577 2629 communitas,
598 2569 636 2629 ut,
656 2584 712 2636 quae
729 2566 854 2636 descripta
872 2569 933 2620 sunt
951 2563 1050 2635 legibue
1067 2566 1096 2618 et

298 2645 358 2711 jure
378 2641 452 2705 civili,
473 2641 528 2695 haee
548 2641 585 2694 ita
605 2645 748 2706 teneantur,
767 2645 797 2695 ut
816 2643 850 2696 sit
868 2641 1055 2695 oonstitntum:
1080 2657 1096 2694 e

303 2717 394 2788 quibus
415 2719 476 2788 ipsie
495 2721 580 2772 cetera
601 2717 637 2771 sie
658 2717 831 2781 observentur,
850 2722 880 2771 nt
901 2717 927 2771 in
949 2719 1098 2770 Graecorum

303 2793 435 2864 proverbio
447 2800 503 2849 est:
523 2797 667 2848 Amieomm
678 2812 726 2847 ease
738 2797 870 2848 comnmnia
882 2796 969 2847 omnia.
1004 2792 1100 2846 Omnia

305 2876 390 2924 antem
402 2871 544 2925 communie
556 2870 683 2925 hominum
699 2870 815 2924 videntur
827 2889 865 2935 ea,
877 2888 933 2939 qnae
949 2874 1009 2923 sunt
1022 2887 1098 2939 gene-
