2575 3367
261 316 293 364 dd
547 311 597 360 DE
615 310 769 359 omens

261 425 331 478 certe
351 421 421 476 nulla
440 425 517 486 essct,
533 421 584 476 nisi
601 421 642 476 his
662 419 811 476 muneribus
830 418 947 475 hominus
968 420 1037 492 fungi

261 502 358 555 rentur.
393 498 539 570 Eademque
550 497 650 553 ratione
665 515 713 554 nec
727 496 824 568 lapidas
840 513 856 552 a
871 500 942 552 terra
958 499 1037 553 excid

262 579 352 630 rentur
363 574 396 630 ad
407 593 483 630 usum
495 579 612 630 nostrum
623 573 776 630 nacmmrii:
794 590 842 629 ncc

262 655 1035 720 “smrmsmfflsfflweffmrmwffl

263 734 318 789 sinc
327 732 457 788 hominum
468 731 554 787 labore
566 734 594 786 et
605 749 693 786 mann.

298 809 347 863 IV.
365 810 444 865 Tecta
455 825 524 874 varo,
535 807 629 879 quibus
644 811 673 862 et
684 806 809 878 frigorum
820 805 860 862 vis
871 805 1022 876 pelleretur,
1032 825 1037 858 ι

263 886 376 941 calorum
399 886 522 941 molestia
545 885 704 949 nudarentur,
721 883 791 940 unda
808 887 854 939 cut
872 883 948 938 initio
972 902 1037 956 gana

264 964 375 1017 humano
390 961 444 1017 dari
456 961 610 1033 potuissent,
621 966 668 1017 aut
682 965 773 1033 postas
786 959 924 1025 subveniri,
937 961 961 1015 si
976 966 1037 1016 ant*

264 1039 433 1110 tampcstatia‚
446 1043 491 1094 aut
506 1047 584 1094 terras
601 1042 682 1105 motu,
694 1041 740 1092 aut
752 1040 883 1092 vetustatc
897 1036 1037 1092 occidissan

265 1115 315 1171 nisi
330 1114 470 1170 communis
481 1115 536 1170 vita
551 1113 583 1170 nb
599 1113 744 1169 homiuibus
755 1114 846 1168 harum
863 1130 950 1168 rarum
966 1113 1036 1168 annil

227 1202 258 1253 14
266 1196 352 1263 petere
365 1190 515 1248 didicisset?
549 1190 625 1246 Adde
636 1189 731 1245 ductus
742 1207 873 1260 aquarum,
887 1187 1037 1244 derivationi

265 1268 406 1337 fluminum,
418 1285 536 1338 agrorum
554 1266 724 1338 irrigationes,
736 1265 815 1321 molcs
831 1265 964 1335 oppositus
975 1267 1037 1322 duct

265 1345 322 1411 bus,
329 1352 420 1417 portus
429 1362 504 1399 manu
515 1343 611 1400 iactos:
630 1361 687 1414 quoe
698 1342 767 1397 unde
778 1342 833 1396 sinc
841 1341 976 1397 hominum
983 1360 1037 1414 opu

265 1421 359 1477 habers
372 1421 525 1492 possemus?
560 1421 601 1474 Ex
618 1418 713 1490 quibua
732 1416 872 1489 multisque
888 1418 946 1473 aliis
963 1436 1037 1490 persp

266 1515 343 1552 cuum
359 1496 466 1568 estqui
483 1496 591 1560 fructus,
604 1513 713 1566 quaqua
729 1494 856 1550 utilitates
872 1512 905 1549 cn
923 1494 1004 1550 rebus
1020 1495 1037 1550 ii

267 1589 324 1641 quac
342 1575 404 1626 sunt
423 1571 548 1636 inanima,
566 1571 746 1642 percipiantur,
764 1588 808 1626 cas
825 1588 874 1625 uus
894 1569 966 1626 nmio
984 1571 1037 1627 moc'

266 1647 321 1702 sinc
332 1646 463 1702 hominum
479 1664 556 1702 manu
568 1650 645 1717 atqua
657 1665 735 1718 opera
745 1663 836 1717 capena
847 1646 971 1716 potuisse.
1006 1648 1037 1708 Ο]

266 1723 376 1795 deniqne
392 1741 424 1779 cn
445 1723 535 1779 bestiis
552 1723 661 1790 fractus,
678 1729 724 1778 aut
742 1741 799 1794 qna
817 1723 993 1790 commoditas,
1010 1724 1036 1780 ni

266 1800 381 1855 hominus
392 1799 551 1870 adjuvarent,
564 1799 662 1872 percipi
673 1801 780 1870 posset?
815 1799 884 1855 Nam
896 1801 982 1872 atqui
993 1801 1037 1872 pri

266 1876 335 1948 cipcs
352 1876 497 1932 inveniendi
509 1876 621 1941 fuerunt,
635 1894 712 1947 qucm
727 1893 760 1931 ax
775 1893 875 1947 quaqua
891 1875 968 1931 belua
984 1895 1037 1932 uam

265 1953 359 2009 habers
370 1971 509 2024 possamus,
522 1953 637 2008 homines
652 1957 722 2008 carte
733 1952 854 2008 filerunt:
871 1970 920 2008 nuc
932 1954 984 2009 hoc
995 1957 1037 2009 tsn

266 2048 328 2100 porc
343 2030 399 2086 sinc
409 2030 540 2086 hominum
554 2048 632 2101 opera
649 2032 694 2084 aut
706 2046 809 2100 paaccrc
825 2047 876 2096 cas,
888 2033 934 2084 aut
948 2029 1037 2085 domun

267 2111 312 2161 aut
323 2107 398 2172 tucri,
412 2109 458 2162 aut
472 2107 638 2177 tempestivos
650 2105 751 2161 fructus
766 2123 800 2160 cx
816 2105 848 2160 iia
865 2123 956 2176 capara
973 2124 1037 2178 poss

267 2199 339 2236 mus:
358 2181 390 2237 ab
407 2182 553 2253 eisdemque
570 2186 597 2237 at
615 2201 660 2247 aa,
672 2199 730 2253 qua
741 2185 843 2247 nocant,
854 2181 1037 2237 interficiuntur

229 2267 258 2312 15
267 2263 294 2312 et
310 2275 368 2327 quaa
378 2258 438 2312 usui
452 2262 558 2326 possunt
569 2276 634 2324 csac,
647 2258 791 2328 capiuntur.
826 2257 898 2317 Quid
913 2277 1037 2314 enumeras

267 2333 361 2387 artium
372 2332 569 2401 multitudinem,
578 2334 633 2388 sinc
645 2332 738 2404 quibus
747 2333 800 2388 rita
808 2333 910 2388 omuino
922 2335 993 2390 nulla
1003 2353 1037 2390 css

268 2408 413 2479 potuisset?
449 2409 502 2468 Qui
521 2410 588 2465 enim
607 2410 683 2481 agris
706 2409 891 2475 subveniretur,
912 2428 971 2480 qma
991 2429 1037 2466 css

267 2485 403 2541 oblectatio
423 2485 570 2552 valentium,
590 2486 635 2558 qui
655 2486 740 2541 victua
760 2490 806 2540 aut
824 2486 918 2552 cultus,
937 2488 989 2542 nisi
1007 2493 1037 2542 tu

268 2562 355 2617 multa
367 2561 439 2619 uobis
451 2567 520 2618 artes
533 2563 727 2618 ministrarent?
755 2561 857 2622 Quibus
868 2562 946 2618 rubus
958 2563 1037 2620 arcuit

268 2638 398 2694 hominum
406 2639 460 2694 vita
470 2643 570 2694 tautum
584 2638 663 2693 distat
672 2638 767 2694 avictu
777 2642 804 2693 et
816 2638 889 2695 cultu
899 2638 1037 2696 bestiarum

269 2715 353 2770 Urbas
362 2733 422 2771 vcro
434 2715 488 2771 sinc
500 2715 630 2771 hominum
642 2718 711 2770 coetn
722 2733 774 2770 uon
786 2716 931 2785 potuissent
943 2735 992 2773 nac
1003 2716 1037 2772 and

268 2791 344 2856 ficari,
356 2809 404 2847 nac
419 2790 590 2861 frequentari:
609 2807 642 2845 ax
658 2808 710 2861 quo
725 2790 794 2862 legas
807 2809 956 2862 mcrcsqucs
967 2800 1037 2850 const

268 2867 326 2932 tuti,
339 2871 394 2921 tum
408 2866 475 2938 juris
492 2885 565 2940 aqua
578 2865 717 2938 descriptio
732 2871 855 2940 cartaque
866 2868 970 2926 visendi
985 2870 1037 2927 dias
