2575 3367
283 460 315 508 52
370 506 373 512 ,
567 456 618 506 DE
635 456 789 506 oerlcns

283 559 367 614 iaetus
387 560 436 626 est,
453 556 544 613 honori
563 557 644 613 fuisse
667 558 819 629 aooepimur,
841 557 910 627 quod
933 557 1072 628 praeturum

284 634 435 690 redificasset
443 633 578 689 inPalutio
589 637 617 689 et
629 633 729 704 plenam
739 633 871 704 dignitatis
883 633 1006 689 domum:
1023 652 1074 704 qur

283 730 360 781 quum
376 710 454 781 vulgo
470 709 602 776 viseretur,
616 710 756 781 suffragata
771 709 880 774 domino,
893 728 962 765 novo
975 710 1074 773 homiui,

284 788 316 842 ud
336 788 494 843 consulatum
516 786 664 857 putabatur.
708 787 783 842 Hane
805 789 918 840 Scaurus
942 786 1074 842 demolitur

283 864 450 920 accessionem
463 863 580 934 adjunxit
596 862 701 918 edibus.
737 863 829 933 Itaque
846 862 889 918 ilie
906 862 934 918 iu
945 881 1020 918 auam
1035 862 1075 917 do·

283 959 352 995 mum
365 939 525 995 consulatum
540 939 638 1012 primus
655 937 759 1006 attufit,
777 939 827 1004 hio,
838 938 932 993 summi
947 943 976 994 et
994 939 1075 994 chrir-

284 1016 340 1071 simi
358 1015 406 1070 viri
423 1015 499 1082 filius,
512 1016 539 1071 in
555 1015 659 1071 domum
675 1015 868 1086 multiplicatam
884 1033 938 1071 non
951 1016 1075 1086 repulerim

232 1093 363 1148 lssdsolum
377 1091 473 1157 retulit,
487 1091 532 1147 aed
543 1092 709 1164 ignominiam
717 1098 745 1147 et
756 1091 933 1148 ouiuuritutem.
957 1092 1076 1147 Ornanda

284 1172 324 1224 est
336 1169 401 1223 enim
420 1167 531 1238 dignitas
548 1169 631 1235 domo,
643 1186 696 1223 non
714 1187 747 1224 ex
763 1167 839 1224 domo
854 1171 911 1223 totu
927 1168 1074 1239 querenda:

283 1264 331 1301 neo
343 1244 416 1299 domo
427 1244 552 1310 dominus,
565 1245 609 1300 sed
627 1245 728 1301 domiuo
746 1245 836 1300 domur
851 1243 1013 1301 honestanda
1023 1249 1075 1301 eat:

284 1325 318 1387 et,
332 1325 361 1375 ut
372 1321 400 1375 iu
411 1321 502 1376 ceteris
514 1321 630 1377 habenda
643 1322 710 1377 ratio
722 1339 774 1376 non
787 1320 829 1376 aui
839 1320 929 1384 solum,
942 1321 1075 1377 sedetiam

284 1397 398 1467 aliorum,
409 1397 485 1454 siaiu
500 1397 575 1454 domo
586 1398 648 1454 olari
660 1398 777 1464 hominia,
788 1397 817 1452 in
831 1415 908 1468 quam
919 1399 948 1453 et
963 1397 1076 1469 hospites

284 1474 359 1529 multi
370 1473 513 1547 reeipiendi,
525 1478 552 1530 et
564 1473 722 1530 admittenda
729 1472 859 1528 hominurn
871 1475 1000 1544 cujusque
1010 1472 1077 1529 modi

283 1551 430 1617 multitudo,
447 1551 588 1607 adhibenda
605 1555 645 1607 eet
663 1569 725 1607 cura
741 1549 862 1605 laxitatir.
897 1548 984 1604 Aliter
995 1550 1077 1622 ampla

283 1625 373 1689 domus
385 1627 502 1682 dedecori
513 1645 580 1698 saepe
591 1627 693 1683 domino
702 1628 739 1693 fit,
752 1627 775 1682 ei
785 1633 826 1682 est
836 1625 865 1681 in
875 1643 906 1681 ea
917 1625 1038 1693 solItudo
1050 1631 1076 1683 et

283 1703 398 1768 maxime,
409 1703 431 1758 ei
443 1703 583 1774 aliquando,
597 1704 646 1759 alio
658 1703 768 1769 domino,
777 1703 853 1758 aoiita
861 1706 901 1757 est
910 1701 1075 1773 frequentari·

284 1779 403 1835 Odiosum
416 1783 456 1834 est
468 1779 542 1848 enim,
555 1799 634 1852 quum
646 1799 662 1836 a
673 1780 885 1852 praetereuntibus
896 1778 1007 1836 dieitur:

291 1893 372 1942 -0
381 1895 463 1944 domus
472 1897 575 1958 tutiqun,
584 1899 638 1955 hen,
648 1909 718 1958 quam
728 1898 815 1959 dispari
825 1896 944 1944 domindre
953 1896 1048 1944 domiuo
1058 1896 1065 1945 t

282 2010 351 2080 quod
373 2009 474 2082 quidem
499 2010 541 2066 hir
563 2009 722 2080 temporibus
745 2009 773 2064 iu
792 2008 880 2064 multia
900 2008 961 2064 lioet
982 2009 1073 2066 dicere.

282 2087 425 2143 Cavendum
447 2090 487 2143 est
510 2090 604 2153 autem,
629 2087 769 2158 presertim
790 2087 813 2141 si
833 2086 888 2157 ipse
906 2085 1023 2152 udiiioea,
1042 2103 1074 2141 ne

281 2168 354 2220 extra
365 2164 467 2220 modum
480 2172 586 2236 sumptu
602 2167 629 2219 et
643 2163 830 2235 magnificentia
845 2161 967 2234 prodeas:
986 2181 1038 2233 quo
1049 2163 1075 2216 iu

280 2257 373 2308 genere
392 2241 501 2296 multum
520 2240 580 2296 maii
597 2240 675 2295 etiam
692 2240 720 2295 in
738 2238 854 2309 exemplo
871 2241 919 2293 est.
955 2238 1074 2293 Studiose

280 2316 346 2370 euim
363 2315 485 2386 plerique,
508 2317 651 2387 prasertim
667 2316 694 2371 in
709 2315 775 2371 hano
791 2320 897 2387 partem,
919 2314 990 2369 iacta
1007 2315 1075 2386 prin·

280 2390 365 2461 ripum
382 2391 523 2457 imitantur,
535 2397 565 2446 ut
577 2392 610 2446 Is.
620 2392 728 2457 Luculli,
742 2391 835 2446 summi
852 2390 1074 2457 viri-virtutem,

280 2466 356 2536 quisi
382 2470 410 2521 at
431 2485 506 2537 quam
525 2468 599 2523 multi
616 2468 732 2523 villarum
750 2467 964 2539 magnificentiam
981 2465 1075 2522 imitati

279 2542 355 2598 aunt!
388 2543 501 2608 Quarum
515 2543 615 2615 quidem
625 2549 695 2600 certe
707 2549 747 2600 est
762 2544 919 2600 adhibendus
931 2543 1031 2610 modus,
1044 2541 1076 2599 ad

279 2617 529 2692 mediocritatemque
549 2621 713 2677 revocandus.
749 2621 897 2693 Eademque
914 2619 1075 2676 mediocritas

279 2696 312 2752 ad
323 2714 423 2752 omnem
435 2716 510 2752 usum
522 2697 670 2767 cultumque
682 2698 746 2765 vitae,
753 2697 930 2753 transferenda
941 2700 990 2753 est.
1026 2696 1076 2753 Sed

227 2780 268 2827 141
278 2773 333 2829 hau
344 2776 476 2830 haetenus.
511 2774 544 2829 In
557 2774 626 2829 omni
638 2777 723 2829 autem
736 2775 836 2830 aotione
852 2773 1015 2844 suscipienda
1026 2774 1077 2830 tria

279 2855 340 2905 sunt
353 2851 478 2907 tenenda:
496 2851 613 2923 primum,
625 2853 656 2905 ut
668 2852 798 2923 appetitus
810 2851 904 2906 rationi
915 2855 1012 2921 pareat,
1025 2869 1076 2922 quo

279 2926 342 2980 nihil
353 2932 394 2983 est
410 2928 443 2984 ad
454 2927 535 2984 offioia
546 2927 718 2984 conservanda
726 2926 957 2983 ucoommodatiua:
975 2926 1074 2993 deinde,

279 3005 310 3057 ut
330 3004 554 3072 animadvertatur,
574 3007 671 3079 quanta
690 3005 734 3060 illu
753 3023 795 3061 res
816 3004 859 3070 sit,
881 3021 958 3076 quam
975 3003 1076 3084 ,efficere
