2575 3367
414 326 483 374 LIB.
500 326 552 375 111.
572 325 647 374 csP.
665 328 703 373 30.
906 325 951 376 lat

195 443 235 503 et,
253 428 390 507 numquam
408 435 489 491 claros
506 435 574 490 viros
594 435 698 490 senatus
714 433 814 488 vinctos
833 432 950 490 hostibus

195 516 334 647 iidlbsitdt
349 607 409 645 vero
426 591 454 643 Τ.
462 589 586 644 Veturius
605 592 632 643 et
649 589 692 658 Sp.
700 588 856 652 Postumius,
870 606 948 657 quum
960 620 1006 669 109

195 687 253 723 rum
275 667 390 722 consules
411 670 504 730 essent,
527 666 593 736 quia,
616 683 694 735 quum
718 665 784 718 male
806 671 949 734 pugnatum

195 745 225 800 ad
238 743 364 798 Caudium
375 745 451 807 esset,
464 742 606 812 legionibus
618 741 713 795 nostris
725 740 773 795 sub
783 741 873 811 jugum
889 740 949 794 mu-

195 866 196 876 ,
217 837 306 890 pacem
326 837 384 874 eum
405 819 560 873 Samnitibus
578 818 701 885 fecerant,
718 816 798 871 dediti
817 821 879 871 sunt
898 816 947 871 iis:

195 914 258 950 nasu
278 895 345 950 enim
364 894 452 966 populi
472 897 626 964 senatusque
646 893 767 948 fecerant.
801 892 947 963 &demque

195 989 272 1042 npore
279 971 318 1025 Ti
328 970 470 1035 Numicius,
481 970 514 1029 Q.
523 970 632 1034 Maelius,
643 969 689 1039 qni
696 972 751 1023 tum
762 967 947 1038 tribuniplebis

195 1051 237 1114 nt,
257 1047 325 1118 quod
345 1065 432 1102 eorum
454 1047 606 1101 auctoritate
626 1064 678 1116 pax
698 1049 753 1100 erat
774 1044 848 1109 facta,
867 1043 947 1098 dediti

195 1127 226 1188 u,
249 1128 280 1177 ut
300 1142 349 1194 pax
370 1121 520 1178 Samnitium
541 1122 725 1188 repudiaretur.
762 1122 849 1192 Atque
868 1119 946 1190 hujus

194 1199 292 1254 litionis
304 1199 358 1269 ipse
370 1199 527 1262 Postumius,
538 1199 583 1269 qui
592 1197 739 1264 dedebatur,
751 1214 839 1252 suasor
850 1199 878 1250 et
889 1213 946 1250 ano·

213 1275 272 1330 fuit.
308 1276 383 1340 Quod
398 1275 466 1330 idem
485 1275 572 1329 multis
590 1274 663 1329 annis
680 1280 739 1344 post
757 1275 784 1328 0.
795 1272 945 1326 Mancinus:

196 1396 205 1418 ,
219 1356 251 1407 ut
264 1352 437 1417 Numantinis,
448 1352 597 1422 quibuscum
610 1352 665 1407 sine
677 1353 781 1406 senatus
793 1348 945 1404 auctoritate

194 1429 236 1483 ins
256 1430 359 1492 iecerat,
371 1428 513 1496 dederetur,
526 1429 684 1499 rogationem
700 1426 781 1481 suasit
792 1443 855 1490 eam,
869 1443 943 1496 quam

194 1505 294 1570 Furius,
308 1506 333 1559 S.
343 1505 451 1559 Attilius
463 1522 496 1559 ex
511 1503 733 1560 senatusconsulto
746 1502 875 1558 ferebant:
894 1521 945 1573 qna

194 1587 267 1653 epta,
282 1587 322 1637 est
335 1582 451 1637 hostibus
463 1581 573 1637 deditus.
608 1582 752 1638 Honestius
763 1581 812 1647 hic,
826 1598 901 1651 quam
909 1580 943 1640 Q.

194 1660 298 1730 mpeins,
310 1677 367 1730 quo,
378 1676 456 1729 quum
469 1656 496 1712 in
507 1658 593 1713 eadem
606 1677 683 1714 cansa
694 1662 770 1724 esset,
784 1658 942 1728 deprecante,

194 1741 258 1808 epta
273 1736 316 1790 lex
332 1754 384 1791 non
400 1740 448 1791 est.
485 1734 538 1790 Hic
556 1754 600 1802 ea;
619 1754 676 1806 quae
688 1735 821 1791 videbatur
835 1735 941 1799 utilitas,

194 1831 209 1867 s
227 1811 315 1877 vuissit,
329 1829 405 1882 quam
422 1811 558 1876 honestas;
577 1811 645 1881 apud
663 1810 805 1881 superiores
822 1809 942 1865 utilitatis

194 1888 250 1944 cies
263 1887 326 1942 falsa
337 1888 368 1943 ab
380 1887 522 1942 honestatis
534 1888 686 1943 auctoritate
698 1894 817 1958 superatn
829 1891 877 1940 est.
905 1887 941 1939 st
954 1916 998 1962 llo

193 1984 203 2018 ι
215 1963 304 2019 debuit
312 1969 398 2019 ratum
409 1981 473 2028 esse,
482 1963 550 2034 quod
562 1968 617 2018 erat
629 1969 714 2020 actum
726 1963 839 2034 pervim.
860 1961 942 2020 Quasi

194 2059 211 2096 ο
223 2040 286 2095 forti
297 2042 352 2095 viro
363 2040 402 2095 vis
414 2040 496 2111 possit
512 2039 632 2095 adhiberi.
669 2041 722 2094 eur
733 2040 814 2110 igitur
825 2036 858 2092 ad
869 2055 940 2091 sena·

194 2137 206 2172 n
218 2117 431 2190 proficiscebatur,
441 2134 518 2187 quum
531 2117 672 2188 prasertim
684 2117 716 2171 de
725 2114 831 2186 captivis
844 2114 941 2169 dissua-

194 2214 226 2251 us
238 2196 326 2250 esset?
361 2192 439 2254 Quod
455 2194 592 2248 maximum
608 2194 636 2248 iu
653 2212 683 2248 eo
701 2197 749 2258 est,
762 2192 789 2247 id
806 2191 941 2264 reprehen-

193 2290 218 2327 s.
252 2271 314 2324 Non
325 2271 391 2325 enim
403 2287 451 2324 suo
460 2269 556 2339 judicio
565 2271 646 2335 stetit,
655 2269 700 2326 sed
709 2269 821 2340 suscepit
829 2287 938 2333 causam,

193 2350 261 2403 esset
270 2347 392 2418 judicium
409 2351 529 2401 senatus:
551 2346 593 2401 cni
604 2347 654 2401 nisi
666 2347 720 2418 ipse
738 2351 827 2402 auctor
838 2346 937 2410 inisset,

194 2423 244 2478 tivi
256 2422 370 2492 profecto
381 2422 467 2477 Poeuis
479 2422 573 2478 redditi
584 2427 677 2477 esseut.
713 2423 755 2478 Ita
766 2422 898 2478 incolumis
910 2421 937 2475 in

193 2500 231 2554 ria
243 2498 361 2569 Regulus
370 2499 517 2553 restitisset.
553 2498 631 2558 Quod
643 2500 704 2570 qnia
715 2499 804 2569 patriae
815 2516 866 2552 non
873 2497 936 2551 utile

193 2575 257 2640 avit,
268 2574 362 2630 idcirco
374 2574 423 2629 sibi
432 2574 567 2629 honestum
579 2579 606 2630 et
618 2575 714 2630 sentire
725 2575 768 2630 ilia
779 2577 805 2629 ct
817 2572 871 2643 pati
883 2589 937 2626 cre-

193 2652 220 2706 it.
257 2651 333 2717 Nam,
345 2649 413 2720 quod
429 2650 508 2716 aiunt,
528 2650 596 2722 qnod
614 2651 687 2705 valde
703 2650 767 2704 utile
783 2649 825 2712 sit,
839 2647 865 2702 id
882 2646 936 2700 fieri

193 2729 299 2783 testumz
321 2727 397 2780 immo
409 2744 469 2781 vero
484 2745 547 2792 esse,
561 2745 612 2781 non
629 2728 691 2782 fieri.
727 2726 775 2780 Est
793 2723 859 2778 enim
875 2720 939 2776 nibil

193 2822 218 2872 .e,
231 2802 301 2873 quod
312 2802 379 2857 idem
391 2820 443 2856 non
454 2802 606 2858 honestum:
624 2821 680 2868 nec,
694 2801 753 2872 quia
764 2799 834 2864 utile,
847 2799 938 2853 hones·

193 2899 219 2947 ²3
237 2878 291 2944 sed,
305 2879 365 2951 quia
374 2878 519 2946 honestum,
532 2880 602 2936 utile.
638 2879 726 2939 Quare
741 2895 774 2931 ex
789 2875 877 2930 multis
892 2874 938 2929 mi-
