2575 3367
467 306 535 354 LlB.
556 305 577 353 1.
595 304 670 352 CAP.
688 305 727 361 26,
744 305 783 355 27.
986 308 1018 355 db

218 417 360 473 laudemur.
396 416 437 472 Ex
455 435 506 488 quo
526 418 668 472 nascuntur
686 415 879 471 innumerabilia
896 419 1018 486 peccate3

218 514 299 566 quum
323 495 439 549 homiues
459 493 542 548 inflati
559 492 721 563 opinionibus
741 493 853 561 turpiter
872 493 1018 559 irridentur,

218 578 253 704 {ta
253 592 296 704 (uque
297 573 421 704 1quuquimis
444 575 580 628 versantur
598 571 735 627 erroribus.
771 570 822 626 Sed
842 571 896 627 haec
917 571 1019 643 quidem

254 800 326 856 lllnd
337 806 424 857 autem
436 801 473 856 sic
485 804 525 856 est
539 799 714 871 judicandum,
727 801 850 856 maximas
868 799 923 871 geri
938 818 979 855 res
991 804 1018 856 et
1032 808 1063 855 92

220 879 324 933 maximi
337 879 413 933 animi
426 877 457 933 ab
469 878 509 942 iis,
523 878 567 948 qui
579 877 734 948 respublicas
743 881 841 950 regant,
852 876 919 949 quod
931 895 1019 933 earum

220 955 408 1010 administratio
419 955 542 1009 latissime
554 958 640 1024 pateat
653 954 685 1009 ad
699 955 871 1027 plurimosque
883 955 1018 1024 pertineat.

222 1033 290 1087 Esse
307 1036 392 1087 autem
409 1031 494 1103 magni
510 1031 587 1086 animi
603 1035 630 1086 ct
643 1031 723 1087 fnisse
735 1032 829 1087 multos
838 1032 915 1087 etiam
927 1033 955 1087 in
965 1033 1020 1088 rita

221 1110 313 1174 otiosa,
323 1109 368 1180 qui
379 1111 424 1163 aut
435 1108 619 1179 investigarent
629 1113 675 1163 aut
684 1112 837 1164 conarentur
848 1128 939 1180 magna
951 1128 1020 1181 quae·

223 1185 289 1250 dam,
303 1203 409 1256 seseque
421 1203 525 1240 suarum
537 1203 622 1239 rerum
639 1185 732 1240 finibus
744 1187 911 1251 continerent,
925 1191 970 1241 aut
981 1187 1021 1241 in-

223 1261 326 1329 terjecti
344 1262 412 1316 inter
428 1261 589 1331 philosophos
606 1263 633 1316 et
645 1280 697 1326 eos,
717 1262 761 1333 qui
779 1261 959 1331 rempublicam
976 1262 1021 1316 ad·

224 1338 407 1403 ministrarent,
429 1336 615 1392 delectarentur
635 1356 663 1393 re
684 1356 731 1393 sua
750 1337 874 1404 familiari,
892 1357 944 1392 non
964 1357 1019 1393 eam

225 1413 328 1486 quidem
346 1414 415 1470 omni
431 1414 529 1469 ratione
547 1419 739 1486 exaggerantes,
758 1433 841 1486 neque
856 1415 1020 1472 excludentes

225 1491 256 1548 ab
268 1492 325 1563 ejus
340 1509 390 1546 usu
402 1509 477 1558 suos;
504 1491 639 1562 potiusque
655 1496 682 1547 et
699 1491 786 1548 amicis
801 1493 976 1564 impertientes
993 1496 1020 1549 et

225 1568 377 1640 reipublice,
395 1567 417 1622 si
435 1566 535 1638 quando
552 1586 615 1623 usus
636 1573 713 1624 esset.
749 1570 815 1629 Qua
831 1570 939 1642 primum
956 1571 1020 1627 bene

226 1650 299 1715 parta
311 1646 353 1708 sit,
366 1644 436 1699 nullo
451 1662 533 1715 neque
549 1645 618 1715 turpi
635 1650 735 1716 quaestu
747 1665 828 1718 neque
840 1649 943 1715 odioso;
964 1653 1020 1703 tum

227 1740 300 1792 quam
314 1721 437 1793 plurimis,
450 1720 525 1776 modo
537 1720 628 1792 dignis,
642 1740 669 1777 se
681 1723 769 1778 utilem
781 1724 908 1794 praebeat:
931 1725 1021 1779 deiude

227 1802 352 1870 augeatur
373 1797 478 1862 ratione,
500 1797 638 1869 diligentia,
661 1800 828 1869 parsimonia;
852 1820 900 1856 nee
923 1801 1022 1856 libidini

227 1877 313 1947 potius
339 1874 504 1945 luxuriaeque,
530 1893 605 1945 quam
629 1875 775 1932 liberalitati
799 1881 825 1932 ct
851 1878 1021 1933 beneficentiae

227 1955 322 2023 pateat.
370 1952 436 2006 Haec
459 1952 606 2022 praescripta
628 1958 769 2008 servantem
794 1953 854 2008 licet
880 1955 1020 2024 magnifice,

228 2029 340 2101 graviter
363 2028 525 2098 animoseque
548 2028 640 2094 vivere,
666 2033 743 2101 atquc
765 2030 842 2085 etiam
865 2029 1020 2102 simpliciter,

227 2105 335 2161 fideliter
346 2103 457 2174 ritaeque
468 2104 598 2160 hominum
611 2105 698 2161 amice.

261 2182 389 2237 XXVII.
403 2181 531 2252 Sequitur,
540 2187 571 2238 ut
583 2183 614 2237 de
626 2201 678 2237 una
689 2183 786 2255 reliqua
797 2187 869 2255 parte
880 2184 1022 2242 honestatis
1037 2198 1067 2244 93

228 2259 362 2315 dicendum
372 2258 414 2326 sit,
423 2257 451 2312 iu
458 2277 510 2329 qua
520 2262 673 2325 vaecordia,
687 2263 713 2315 et
722 2262 795 2332 quasi
804 2261 904 2333 quidam
917 2269 1022 2319 ornatus

227 2337 292 2405 vitae,
302 2338 464 2405 temperantia
475 2341 501 2389 et
508 2338 627 2390 modestia
637 2340 758 2409 omniaque
765 2340 863 2394 sedatio
869 2342 1023 2409 perturbati·

228 2431 296 2468 onam
310 2413 396 2475 animi,
409 2415 434 2465 ct
445 2431 524 2466 rerum
541 2414 626 2467 modus
637 2414 757 2469 cernitur.
793 2417 852 2470 Hoc
870 2415 926 2470 loco
942 2417 1023 2471 conti·

228 2494 303 2545 netur
314 2487 350 2553 id,
363 2487 431 2558 quod
443 2487 493 2543 diei
504 2488 597 2544 Latine
609 2491 719 2545 &cmm
731 2494 831 2562 potest:
857 2492 944 2546 Graece
956 2492 1023 2547 enim

228 2569 317 2632 πρέπον
337 2563 439 2619 dicitur.
476 2565 562 2635 Hujus
581 2565 620 2619 vis
636 2583 668 2620 ea
687 2570 735 2634 est,
749 2572 780 2622 ut
798 2568 829 2623 ab
847 2569 954 2622 honesto
971 2586 1024 2622 non

230 2645 303 2711 queat
316 2639 437 2709 separari.
463 2640 532 2695 Nam
544 2646 577 2706 et,
591 2642 660 2713 quod
672 2642 752 2709 decet,
766 2643 901 2699 honestum
913 2648 968 2698 est:
987 2648 1022 2709 et,
1039 2652 1071 2698 94

229 2718 294 2788 quod
306 2718 445 2772 honestum
456 2721 504 2782 est,
517 2717 598 2773 decet.
635 2720 723 2785 Qualis
736 2725 821 2774 autem
836 2719 978 2774 differentia
989 2721 1023 2775 sit

230 2792 328 2849 bonesti
337 2798 365 2848 et
373 2792 465 2857 decori,
474 2793 572 2849 facilius
581 2795 698 2867 intelligi,
708 2815 783 2867 quam
793 2795 921 2865 explanari
930 2801 1024 2866 potest.

231 2870 359 2937 Quidquid
372 2873 412 2926 est
430 2870 505 2936 enim,
515 2871 583 2938 quod
597 2871 694 2942 deceat,
705 2873 733 2928 id
746 2878 803 2928 tum
818 2876 935 2944 apparet,
945 2892 1031 2944 quum
