2575 3367
458 317 527 366 LIB.
545 316 599 366 111.
616 317 691 366 CAP.
707 319 731 378 9,
751 320 787 370 10.
976 323 1021 372 lli

226 429 319 484 videre.
355 427 398 485 Sic
415 433 520 500 repente
541 428 628 484 annuli
646 428 768 486 beneficio
788 448 834 486 rex
853 435 958 488 exortus
979 437 1020 490 est

226 504 323 576 Lydiae.
360 507 438 560 Hunc
449 505 529 575 igitur
539 505 623 576 ipsum
635 505 755 560 annulum
769 507 793 562 si
804 507 895 563 habeat
911 509 1020 579 sapiens,

225 581 304 636 nihilo
315 581 373 652 plus
382 580 431 638 sibi
439 580 514 636 licere
523 585 597 651 putet
609 586 720 652 pecodre,
730 600 804 653 quam
815 583 837 638 si
846 601 898 638 nou
905 584 1019 642 liaberet

225 658 418 713 Honestaenim
427 655 500 712 bonis
508 658 577 721 viris,
585 675 637 712 non
645 657 745 713 occulta
753 663 909 730 quaeruntur.
932 663 1059 732 Atqueao

224 732 273 788 hoo
290 733 346 788 loco
363 732 505 804 philosophi
523 733 633 803 quidam,
651 733 754 790 minime
774 734 834 790 mali
854 735 892 791 illi
909 736 1019 807 quidem,

224 808 270 864 sad
281 827 333 864 non
345 809 407 864 satis
419 810 592 879 acutifictcm
603 818 626 863 ct
635 811 969 882 mmrnenticicmscladcm
981 812 1019 867 di·

225 890 287 940 cunt
303 885 435 956 prolatam
450 903 468 938 a
479 885 590 939 Platone
599 901 609 938 :
629 883 703 956 quasi
719 903 779 940 vero
794 885 844 953 ille,
859 891 904 942 aut
922 888 1018 943 factum

224 959 251 1015 id
263 979 320 1016 esse
331 965 376 1016 aut
387 959 442 1015 lieri
453 960 575 1030 potuisse,
587 959 716 1015 defendat.
753 962 819 1016 Haeo
833 966 874 1018 cst
885 962 924 1018 vis
940 963 1018 1033 hujus

224 1036 312 1092 annuli
329 1039 356 1092 at
376 1036 453 1106 hujus
475 1035 599 1105 exempli:
625 1035 737 1090 sinemo
756 1037 875 1105 scitumns,
892 1056 967 1094 nemo
984 1057 1017 1095 nc

217 1114 398 1184 suspicaturus
414 1111 515 1182 quidmu
532 1111 574 1176 sit,
592 1129 670 1183 quum
688 1111 782 1182 aliquid
800 1112 953 1182 divitiarum,
972 1133 1017 1184 po-

181 1249 190 1263 ,
222 1191 318 1256 tentiae,
337 1188 520 1253 dominationis,
539 1187 651 1244 libidinis
668 1206 745 1244 causa
762 1189 861 1257 leceris,
879 1192 902 1246 si
918 1191 946 1247 id
967 1191 1016 1248 diis

214 1255 415 1336 -bbminibusque
431 1265 548 1321 futuram
564 1265 599 1320 sit
617 1282 716 1335 semper
730 1265 861 1336 ignotum:
883 1266 951 1321 sisne
962 1267 1016 1323 iao·

221 1344 317 1398 turus?
353 1343 458 1413 Negant
478 1341 505 1398 id
523 1340 578 1397 fieri
597 1359 688 1412 possm
714 1359 865 1412 quamquam
885 1346 971 1414 potest
988 1343 1016 1399 id

221 1419 331 1489 quidem.
366 1418 417 1473 Sed
433 1435 526 1489 quaero,
545 1416 613 1488 quod
630 1420 726 1485 negant
741 1433 824 1487 posse,
840 1417 868 1471 id
882 1418 904 1472 si
920 1421 1015 1489 posset,

221 1494 341 1565 quidnam
352 1494 486 1550 iacerent?
510 1493 612 1564 Urgent
623 1491 721 1547 rustice
733 1509 801 1548 sane.
829 1493 935 1566 Negant
947 1494 1014 1550 enim

220 1587 302 1640 posse,
314 1573 341 1625 et
353 1569 380 1624 in
395 1587 425 1625 co
440 1571 571 1640 perstant3
589 1568 638 1623 hoo
654 1566 760 1623 verbum
777 1567 838 1639 quid
855 1569 946 1636 valeat,
963 1589 1015 1627 non

171 1669 172 1673 ¹
219 1647 315 1702 vident.
352 1646 440 1705 Quum
455 1645 523 1700 enim
541 1643 720 1715 quarimuasi
735 1646 834 1714 possint
848 1645 936 1714 celare,
952 1647 1014 1716 quid

218 1722 312 1777 iactari
324 1721 391 1777 sint:
410 1739 461 1776 non
473 1721 619 1792 querimus,
630 1719 762 1790 possintne
778 1719 873 1776 celare:
892 1721 938 1777 sed
949 1727 1014 1778 tam-

219 1815 294 1868 quam
307 1802 434 1853 tormenta
445 1795 561 1868 quaedam
573 1795 729 1862 adhibemus,
742 1796 814 1862 ut‚si
829 1796 1013 1867 responderint,

218 1893 253 1940 se,
272 1874 425 1945 impunitate
443 1872 580 1944 proposita,
592 1872 713 1936 facturos,
726 1871 795 1943 quod
811 1870 936 1942 expediat,
953 1871 1013 1928 iaci·

217 1968 326 2007 norosos
337 1968 364 2006 se
376 1968 432 2005 osse
447 1949 591 2004 fateantur:
611 1948 634 2003 si
653 1950 755 2018 negent,
769 1948 854 2003 omnia
870 1948 955 2018 turpia
966 1967 1014 2019 per

217 2045 245 2083 se
264 2027 321 2097 ipsa
339 2025 460 2096 fugienda
476 2043 533 2081 esse
554 2024 701 2081 concedant.
737 2022 787 2079 Sed
799 2027 856 2095 jam
872 2025 905 2079 ad
922 2042 1013 2096 propo·

217 2103 296 2157 sitnm
309 2109 473 2156 revertamur.

251 2179 285 2233 Χ,
304 2177 426 2233 Incidunt
438 2176 524 2232 multoe
536 2193 603 2246 saepe
619 2193 712 2244 cause,
724 2194 782 2247 qum
795 2173 947 2230 conturbent
960 2176 1052 2236 ani-so

215 2272 272 2309 mos
284 2253 403 2308 utilitatis
416 2253 499 2323 specie
506 2274 514 2320 ;
532 2269 591 2317 non,
604 2271 683 2323 quum
698 2252 747 2307 hoc
759 2251 920 2317 deliberetur,
936 2251 1011 2309 rubn-

215 2329 350 2402 quendane
362 2329 395 2384 sit
407 2329 527 2384 honestas
543 2333 648 2399 propter
665 2328 784 2383 utilitatis
801 2327 1010 2400 magnitudinem,

216 2413 288 2476 (nam
304 2405 331 2460 id
347 2404 448 2476 quidem
465 2403 607 2474 improbum
624 2405 676 2470 cst)
694 2403 739 2458 sed
756 2403 826 2472 illud,
842 2405 956 2475 pocritae
973 2405 1010 2469 id,

213 2481 285 2554 qaod
296 2481 362 2536 attile
372 2480 568 2549 bimenstri
578 2497 633 2533 oon
645 2479 765 2550 turpiter.
791 2481 874 2546 Quum
885 2479 1010 2533 Collatino

171 2586 175 2601 ·
213 2559 318 2627 college
331 2557 428 2612 Brutus
444 2554 577 2625 imperium
594 2554 741 2624 abrogabat,
761 2558 861 2623 poterat
878 2553 957 2607 videri
973 2554 1011 2607 fa-

213 2651 271 2689 cere
293 2632 319 2687 id
338 2631 441 2702 injuste.
479 2629 572 2685 Fuerat
594 2629 662 2684 enim
682 2630 709 2683 in
728 2629 831 2699 regibus
855 2626 1009 2698 expellendis

213 2711 299 2766 socius
312 2707 395 2772 Bruti,
408 2706 568 2762 consiliorum
580 2705 657 2760 etiam
672 2706 780 2776 adjutor.
818 2705 903 2764 Quum
924 2707 1008 2757 autem

212 2785 346 2842 consilium
359 2783 409 2837 hoc
421 2783 545 2853 principes
561 2783 695 2852 cepissent,
708 2781 882 2851 cognationem
902 2778 1010 2848 Superbi

212 2878 358 2931 nomenque
367 2859 561 2930 Tarquiniorum
572 2863 599 2913 et
612 2857 757 2912 memoriam
769 2856 841 2927 regni
852 2873 908 2911 esso
920 2853 1009 2908 tollen·
