2575 3367
487 529 525 584 M.
544 527 673 583 TULLII
691 525 890 582 CICERONIS

542 679 828 768 LAELIUS

659 842 717 875 elva

300 940 370 998 DE
409 940 706 1001 AMICITIA
751 938 1075 1000 DIALOGUS.

418 1149 466 1204 AD
485 1149 514 1204 T.
534 1148 763 1204 POMPONIUM
782 1147 958 1204 AI'IICUM.

556 1371 823 1420 ARGUMENTUM.

324 1491 401 1544 Quum
413 1491 472 1535 inter
488 1491 513 1535 P.
524 1491 653 1549 Scipionem
669 1493 804 1537 Africanum
817 1497 841 1536 et
855 1490 957 1536 Loeiium
972 1502 1084 1536 summam

295 1569 384 1612 sempor
394 1556 521 1599 amicitiam
531 1557 601 1601 fuisse
611 1564 735 1610 constaret,
744 1557 849 1603 Ciceroni
860 1558 889 1600 de
899 1557 1006 1601 amicitia
1016 1556 1083 1612 serip-

295 1627 346 1666 turo
358 1622 452 1665 idoneus
460 1621 522 1665 visus
533 1627 567 1666 est
578 1621 670 1678 Laeiius,
682 1636 750 1680 quem
760 1623 880 1666 induceret
889 1622 919 1666 de
929 1622 1033 1666 amicitia
1042 1621 1084 1665 dis-

295 1693 415 1744 putantem
425 1701 476 1730 cum
486 1692 582 1744 utroque
592 1701 675 1743 genero
686 1687 712 1733 O.
724 1687 810 1731 Fannio
818 1695 840 1730 et
849 1686 878 1739 Q.
887 1687 967 1731 Mucio
974 1686 1080 1732 Scaevola.

298 1755 346 1797 Hoe
357 1753 428 1809 igitur
438 1766 547 1805 sermone,
558 1766 624 1809 quem
637 1752 717 1796 Cicero
727 1753 805 1809 paucis
820 1752 902 1795 diebus
917 1758 970 1808 post
985 1749 1084 1795 Africani

296 1824 392 1861 mortem
401 1818 505 1861 habitum
513 1817 587 1874 fingit,
598 1817 768 1871 Laeliusdocet3
785 1816 847 1870 Quid
855 1817 1014 1868 sitamiciii23
1031 1815 1083 1868 Qui·

296 1883 338 1925 bus
349 1884 377 1926 de
388 1884 462 1926 causis
473 1883 541 1927 amici
552 1882 640 1939 quaesiti
652 1881 711 1934 oint;
727 1881 817 1935 Quibus
831 1883 908 1925 causis
922 1882 1027 1925 amicitia
1036 1892 1084 1924 con-

297 1948 409 1992 trahatur.
443 1949 533 1992 Deinde
552 1949 612 1991 inter
631 1960 687 2004 quos
702 1946 805 1990 amicitia
819 1959 867 1990 esse
882 1947 968 2002 possit:
986 1946 1044 2000 Qum
1057 1944 1084 1988 sit

296 2013 402 2055 amicitie
412 2012 456 2066 lex,
464 2027 513 2070 quae
522 2012 602 2064 officia,
608 2017 632 2056 et
639 2012 724 2070 quibus
729 2011 827 2068 denique
833 2011 908 2055 modis
916 2017 1027 2069 perpetuo
1034 2022 1083 2054 eon·

296 2083 405 2120 seiwetur.

327 2140 429 2196 Scriptus
440 2147 474 2186 est
484 2153 562 2187 autem
572 2142 610 2187 hie
619 2141 712 2187 libellus
722 2145 773 2198 post
780 2139 892 2186 Catonem
903 2139 1018 2200 Majorem
1029 2149 1084 2184 auno

296 2203 343 2246 fero
354 2218 375 2259 p.
391 2205 416 2248 U.
429 2205 453 2250 C.
463 2207 512 2250 710.

627 2314 753 2328 .-

274 2416 285 2460 1
334 2401 354 2452 I.
375 2400 488 2458 Quintus
501 2401 604 2455 Mucius
622 2421 704 2471 augur
716 2401 795 2454 multa
809 2418 911 2453 narrare
924 2401 956 2454 de
971 2401 1000 2455 O.
1014 2400 1082 2455 helio

297 2497 384 2531 socero
403 2497 448 2531 suo
467 2480 611 2532 memoriter
629 2483 656 2531 ei
671 2477 782 2547 jucunde
800 2477 896 2529 solebat
914 2496 961 2531 neo
975 2479 1083 2532 dubitare

296 2555 367 2607 iilum
381 2555 405 2607 in
419 2555 485 2608 omni
499 2574 612 2608 sermone
625 2554 749 2623 appellare
761 2553 908 2622 sapientem.
936 2555 993 2624 Ego
1006 2560 1084 2608 autem

297 2637 396 2699 apetie
416 2633 452 2684 ita
470 2651 536 2684 eram
556 2631 680 2685 deductus
699 2631 729 2683 ad
749 2630 894 2693 scevolam,
907 2636 1012 2700 sumpta
1025 2627 1084 2684 virili

297 2711 366 2774 toga,
380 2713 416 2770 ui,
431 2708 513 2777 quoad
531 2726 630 2777 possem
650 2714 675 2760 et
694 2707 816 2771 licerei,a
834 2708 901 2759 senis
920 2708 1000 2762 latere
1017 2725 1084 2761 num·

296 2807 371 2859 quain
391 2790 551 2845 discederem.
587 2791 680 2858 Itaque
698 2790 821 2843 multaab
840 2809 871 2843 eo
888 2792 1027 2858 piudenier
1038 2789 1084 2843 dis-
