<?xml version="1.0" encoding="UTF-8"?>
<!DOCTYPE html PUBLIC "-//W3C//DTD XHTML 1.0 Transitional//EN"
    "http://www.w3.org/TR/xhtml1/DTD/xhtml1-transitional.dtd">
<html xmlns="http://www.w3.org/1999/xhtml" xml:lang="en" lang="en">
 <head>
  <title>
</title>
<meta http-equiv="Content-Type" content="text/html;charset=utf-8" />
  <meta name='ocr-system' content='tesseract 3.04.00' />
  <meta name='ocr-capabilities' content='ocr_page ocr_carea ocr_par ocr_line ocrx_word'/>
</head>
<body>
  <div class='ocr_page' id='page_1' title='image "./mtulliuscicerod00cicegoog_0201.png"; bbox 0 0 2575 3367; ppageno 0'>
   <div class='ocr_carea' id='block_1_1' title="bbox 401 331 1016 390">
    <p class='ocr_par' dir='ltr' id='par_1_1' title="bbox 401 331 1016 390">
     <span class='ocr_line' id='line_1_1' title="bbox 401 331 1016 390; baseline -0.005 -10"><span class='ocrx_word' id='word_1_1' title='bbox 401 332 450 380; x_wconf 82' lang='lat' dir='ltr'><strong>DE</strong></span> <span class='ocrx_word' id='word_1_2' title='bbox 468 331 643 381; x_wconf 79' lang='lat' dir='ltr'>AMICITIA.</span> <span class='ocrx_word' id='word_1_3' title='bbox 676 331 751 379; x_wconf 81' lang='lat' dir='ltr'><strong>CAP.</strong></span> <span class='ocrx_word' id='word_1_4' title='bbox 763 334 786 390; x_wconf 84' lang='lat'><strong>9,</strong></span> <span class='ocrx_word' id='word_1_5' title='bbox 801 332 838 380; x_wconf 90' lang='grc'><strong>10.</strong></span> <span class='ocrx_word' id='word_1_6' title='bbox 983 331 1016 378; x_wconf 79' lang='lat'><strong>49</strong></span> 
     </span>
    </p>
   </div>
   <div class='ocr_carea' id='block_1_2' title="bbox 214 439 1058 2789">
    <p class='ocr_par' dir='ltr' id='par_1_2' title="bbox 214 439 1040 1574">
     <span class='ocr_line' id='line_1_2' title="bbox 222 439 1017 512; baseline -0.003 -16"><span class='ocrx_word' id='word_1_7' title='bbox 222 444 403 512; x_wconf 78' lang='lat' dir='ltr'>contemptam.</span> <span class='ocrx_word' id='word_1_8' title='bbox 439 440 611 500; x_wconf 71' lang='lat' dir='ltr'><strong>Quamobrem</strong></span> <span class='ocrx_word' id='word_1_9' title='bbox 623 440 671 496; x_wconf 91' lang='lat' dir='ltr'><strong>hos</strong></span> <span class='ocrx_word' id='word_1_10' title='bbox 683 440 784 511; x_wconf 88' lang='lat' dir='ltr'><strong>quidem</strong></span> <span class='ocrx_word' id='word_1_11' title='bbox 796 439 828 495; x_wconf 81' lang='lat' dir='ltr'><strong>ab</strong></span> <span class='ocrx_word' id='word_1_12' title='bbox 840 439 889 495; x_wconf 91' lang='lat' dir='ltr'><strong>hoo</strong></span> <span class='ocrx_word' id='word_1_13' title='bbox 900 456 1017 494; x_wconf 88' lang='lat' dir='ltr'><strong>sermone</strong></span> 
     </span>
     <span class='ocr_line' id='line_1_3' title="bbox 223 515 1017 587; baseline -0.006 -14"><span class='ocrx_word' id='word_1_14' title='bbox 223 535 413 573; x_wconf 79' lang='lat' dir='ltr'><strong>removeamus:</strong></span> <span class='ocrx_word' id='word_1_15' title='bbox 432 517 480 587; x_wconf 94' lang='lat' dir='ltr'><strong>ipsi</strong></span> <span class='ocrx_word' id='word_1_16' title='bbox 493 521 578 571; x_wconf 88' lang='lat' dir='ltr'><strong>antem</strong></span> <span class='ocrx_word' id='word_1_17' title='bbox 590 516 762 587; x_wconf 76' lang='lat' dir='ltr'><strong>intelligamus</strong></span> <span class='ocrx_word' id='word_1_18' title='bbox 773 520 866 570; x_wconf 84' lang='lat' dir='ltr'><strong>natum</strong></span> <span class='ocrx_word' id='word_1_19' title='bbox 877 515 948 586; x_wconf 74' lang='lat' dir='ltr'><strong>gigni</strong></span> <span class='ocrx_word' id='word_1_20' title='bbox 960 532 1017 569; x_wconf 92' lang='lat' dir='ltr'><strong>sen·</strong></span> 
     </span>
     <span class='ocr_line' id='line_1_4' title="bbox 222 591 1017 663; baseline -0.005 -16"><span class='ocrx_word' id='word_1_21' title='bbox 222 613 279 648; x_wconf 91' lang='lat' dir='ltr'><strong>sum</strong></span> <span class='ocrx_word' id='word_1_22' title='bbox 293 592 414 663; x_wconf 80' lang='lat' dir='ltr'><strong>diligendi</strong></span> <span class='ocrx_word' id='word_1_23' title='bbox 426 598 453 647; x_wconf 93' lang='lat' dir='ltr'><strong>et</strong></span> <span class='ocrx_word' id='word_1_24' title='bbox 464 591 645 647; x_wconf 81' lang='lat' dir='ltr'><strong>benevolentia</strong></span> <span class='ocrx_word' id='word_1_25' title='bbox 658 592 790 647; x_wconf 86' lang='lat' dir='ltr'><strong>ceritatem</strong></span> <span class='ocrx_word' id='word_1_26' title='bbox 808 591 876 645; x_wconf 82' lang='lat' dir='ltr'><strong>facta</strong></span> <span class='ocrx_word' id='word_1_27' title='bbox 892 591 1017 661; x_wconf 78' lang='lat' dir='ltr'><strong>significa-</strong></span> 
     </span>
     <span class='ocr_line' id='line_1_5' title="bbox 221 666 1040 740; baseline -0.005 -16"><span class='ocrx_word' id='word_1_28' title='bbox 221 670 292 724; x_wconf 88' lang='lat' dir='ltr'><strong>tione</strong></span> <span class='ocrx_word' id='word_1_29' title='bbox 304 668 456 740; x_wconf 80' lang='lat' dir='ltr'><strong>probitatis3</strong></span> <span class='ocrx_word' id='word_1_30' title='bbox 475 687 549 738; x_wconf 86' lang='lat' dir='ltr'><strong>quam</strong></span> <span class='ocrx_word' id='word_1_31' title='bbox 565 667 609 739; x_wconf 93' lang='lat' dir='ltr'><strong>qui</strong></span> <span class='ocrx_word' id='word_1_32' title='bbox 620 668 804 738; x_wconf 86' lang='lat' dir='ltr'><strong>appetiverunt,</strong></span> <span class='ocrx_word' id='word_1_33' title='bbox 818 666 944 737; x_wconf 88' lang='lat' dir='ltr'><strong>applicant</strong></span> <span class='ocrx_word' id='word_1_34' title='bbox 962 683 1017 720; x_wconf 88' lang='lat' dir='ltr'><strong>sese</strong></span> <span class='ocrx_word' id='word_1_35' title='bbox 1038 701 1040 706; x_wconf 89' lang='lat'><em>.</em></span> 
     </span>
     <span class='ocr_line' id='line_1_6' title="bbox 221 741 1018 815; baseline -0.005 -15"><span class='ocrx_word' id='word_1_36' title='bbox 221 750 249 800; x_wconf 91' lang='lat' dir='ltr'><strong>et</strong></span> <span class='ocrx_word' id='word_1_37' title='bbox 270 745 375 815; x_wconf 89' lang='lat' dir='ltr'><strong>propius</strong></span> <span class='ocrx_word' id='word_1_38' title='bbox 396 743 538 808; x_wconf 87' lang='lat' dir='ltr'><strong>admovent,</strong></span> <span class='ocrx_word' id='word_1_39' title='bbox 558 749 589 798; x_wconf 90' lang='lat' dir='ltr'><strong>nt</strong></span> <span class='ocrx_word' id='word_1_40' title='bbox 610 748 637 799; x_wconf 93' lang='lat' dir='ltr'><strong>et</strong></span> <span class='ocrx_word' id='word_1_41' title='bbox 656 763 706 798; x_wconf 93' lang='lat' dir='ltr'><strong>usu</strong></span> <span class='ocrx_word' id='word_1_42' title='bbox 729 748 792 814; x_wconf 88' lang='lat' dir='ltr'><strong>ejus,</strong></span> <span class='ocrx_word' id='word_1_43' title='bbox 815 761 889 815; x_wconf 89' lang='lat' dir='ltr'><strong>quem</strong></span> <span class='ocrx_word' id='word_1_44' title='bbox 913 741 1018 813; x_wconf 86' lang='lat' dir='ltr'><strong>diligere</strong></span> 
     </span>
     <span class='ocr_line' id='line_1_7' title="bbox 223 820 1018 893; baseline -0.004 -16"><span class='ocrx_word' id='word_1_45' title='bbox 223 827 363 893; x_wconf 79' lang='lat' dir='ltr'><strong>ceperunt,</strong></span> <span class='ocrx_word' id='word_1_46' title='bbox 376 822 496 876; x_wconf 76' lang='lat' dir='ltr'><strong>fruantur</strong></span> <span class='ocrx_word' id='word_1_47' title='bbox 513 826 540 876; x_wconf 91' lang='lat' dir='ltr'><strong>et</strong></span> <span class='ocrx_word' id='word_1_48' title='bbox 554 821 668 876; x_wconf 85' lang='lat' dir='ltr'><strong>moribus</strong></span> <span class='ocrx_word' id='word_1_49' title='bbox 684 823 785 893; x_wconf 79' lang='lat' dir='ltr'><strong>sintque</strong></span> <span class='ocrx_word' id='word_1_50' title='bbox 799 839 873 892; x_wconf 89' lang='lat' dir='ltr'><strong>pares</strong></span> <span class='ocrx_word' id='word_1_51' title='bbox 889 820 917 875; x_wconf 90' lang='lat' dir='ltr'><strong>in</strong></span> <span class='ocrx_word' id='word_1_52' title='bbox 934 837 1018 875; x_wconf 86' lang='lat' dir='ltr'><strong>amore</strong></span> 
     </span>
     <span class='ocr_line' id='line_1_8' title="bbox 214 896 1019 969; baseline -0.005 -16"><span class='ocrx_word' id='word_1_53' title='bbox 214 904 249 953; x_wconf 84' lang='lat' dir='ltr'><strong>et</strong></span> <span class='ocrx_word' id='word_1_54' title='bbox 269 899 377 969; x_wconf 83' lang='lat' dir='ltr'><strong>aequnles</strong></span> <span class='ocrx_word' id='word_1_55' title='bbox 394 898 621 968; x_wconf 87' lang='lat' dir='ltr'><strong>propensioresque</strong></span> <span class='ocrx_word' id='word_1_56' title='bbox 638 898 671 953; x_wconf 93' lang='lat' dir='ltr'><strong>ad</strong></span> <span class='ocrx_word' id='word_1_57' title='bbox 689 897 753 953; x_wconf 85' lang='lat' dir='ltr'><strong>bene</strong></span> <span class='ocrx_word' id='word_1_58' title='bbox 770 896 925 961; x_wconf 90' lang='lat' dir='ltr'><strong>merendum,</strong></span> <span class='ocrx_word' id='word_1_59' title='bbox 942 914 1019 966; x_wconf 85' lang='lat' dir='ltr'><strong>quem</strong></span> 
     </span>
     <span class='ocr_line' id='line_1_9' title="bbox 222 973 1019 1045; baseline -0.004 -16"><span class='ocrx_word' id='word_1_60' title='bbox 222 974 256 1029; x_wconf 84' lang='lat' dir='ltr'><strong>nd</strong></span> <span class='ocrx_word' id='word_1_61' title='bbox 278 976 470 1045; x_wconf 89' lang='lat' dir='ltr'><strong>reposcendum.</strong></span> <span class='ocrx_word' id='word_1_62' title='bbox 514 976 602 1045; x_wconf 84' lang='lat' dir='ltr'><strong>Atque</strong></span> <span class='ocrx_word' id='word_1_63' title='bbox 625 974 680 1029; x_wconf 83' lang='lat' dir='ltr'><strong>haec</strong></span> <span class='ocrx_word' id='word_1_64' title='bbox 702 975 770 1029; x_wconf 89' lang='lat' dir='ltr'><strong>inter</strong></span> <span class='ocrx_word' id='word_1_65' title='bbox 792 991 836 1029; x_wconf 87' lang='lat' dir='ltr'><strong>eoa</strong></span> <span class='ocrx_word' id='word_1_66' title='bbox 858 974 889 1028; x_wconf 86' lang='lat' dir='ltr'><strong>fit</strong></span> <span class='ocrx_word' id='word_1_67' title='bbox 912 973 1019 1027; x_wconf 81' lang='lat' dir='ltr'><strong>honesta</strong></span> 
     </span>
     <span class='ocr_line' id='line_1_10' title="bbox 223 1047 1019 1118; baseline -0.004 -13"><span class='ocrx_word' id='word_1_68' title='bbox 223 1051 339 1105; x_wconf 78' lang='lat' dir='ltr'><strong>certatio.</strong></span> <span class='ocrx_word' id='word_1_69' title='bbox 376 1049 419 1104; x_wconf 80' lang='lat' dir='ltr'><strong>Sic</strong></span> <span class='ocrx_word' id='word_1_70' title='bbox 441 1053 467 1104; x_wconf 93' lang='lat' dir='ltr'><strong>et</strong></span> <span class='ocrx_word' id='word_1_71' title='bbox 487 1050 613 1104; x_wconf 75' lang='lat' dir='ltr'><strong>utilitates</strong></span> <span class='ocrx_word' id='word_1_72' title='bbox 634 1068 667 1105; x_wconf 85' lang='lat' dir='ltr'><strong>ex</strong></span> <span class='ocrx_word' id='word_1_73' title='bbox 686 1049 798 1104; x_wconf 83' lang='lat' dir='ltr'><strong>amicitia</strong></span> <span class='ocrx_word' id='word_1_74' title='bbox 817 1049 933 1104; x_wconf 74' lang='lat' dir='ltr'><strong>maxime</strong></span> <span class='ocrx_word' id='word_1_75' title='bbox 951 1047 1019 1118; x_wconf 88' lang='lat' dir='ltr'><strong>oapi·</strong></span> 
     </span>
     <span class='ocr_line' id='line_1_11' title="bbox 222 1123 1017 1196; baseline 0.001 -17"><span class='ocrx_word' id='word_1_76' title='bbox 222 1130 306 1192; x_wconf 88' lang='lat' dir='ltr'><strong>entur,</strong></span> <span class='ocrx_word' id='word_1_77' title='bbox 318 1126 406 1180; x_wconf 89' lang='lat' dir='ltr'><strong>eterit</strong></span> <span class='ocrx_word' id='word_1_78' title='bbox 418 1129 474 1195; x_wconf 89' lang='lat' dir='ltr'><strong>ejus</strong></span> <span class='ocrx_word' id='word_1_79' title='bbox 487 1130 559 1179; x_wconf 91' lang='lat' dir='ltr'><strong>ortus</strong></span> <span class='ocrx_word' id='word_1_80' title='bbox 571 1143 587 1179; x_wconf 92' lang='lat' dir='ltr'><strong>a</strong></span> <span class='ocrx_word' id='word_1_81' title='bbox 597 1130 697 1193; x_wconf 86' lang='lat' dir='ltr'><strong>natura,</strong></span> <span class='ocrx_word' id='word_1_82' title='bbox 709 1143 784 1196; x_wconf 88' lang='lat' dir='ltr'><strong>quam</strong></span> <span class='ocrx_word' id='word_1_83' title='bbox 794 1124 826 1180; x_wconf 93' lang='lat' dir='ltr'><strong>ab</strong></span> <span class='ocrx_word' id='word_1_84' title='bbox 837 1123 1017 1189; x_wconf 80' lang='lat' dir='ltr'><strong>imbecillitate,</strong></span> 
     </span>
     <span class='ocr_line' id='line_1_12' title="bbox 223 1200 1018 1271; baseline -0.001 -17"><span class='ocrx_word' id='word_1_85' title='bbox 223 1205 250 1255; x_wconf 91' lang='lat' dir='ltr'><strong>et</strong></span> <span class='ocrx_word' id='word_1_86' title='bbox 271 1201 371 1271; x_wconf 83' lang='lat' dir='ltr'><strong>gravior</strong></span> <span class='ocrx_word' id='word_1_87' title='bbox 392 1205 418 1255; x_wconf 92' lang='lat' dir='ltr'><strong>et</strong></span> <span class='ocrx_word' id='word_1_88' title='bbox 440 1201 529 1254; x_wconf 83' lang='lat' dir='ltr'><strong>verior.</strong></span> <span class='ocrx_word' id='word_1_89' title='bbox 564 1201 632 1255; x_wconf 88' lang='lat' dir='ltr'><strong>Nam</strong></span> <span class='ocrx_word' id='word_1_90' title='bbox 652 1202 677 1255; x_wconf 92' lang='lat' dir='ltr'><strong>si</strong></span> <span class='ocrx_word' id='word_1_91' title='bbox 696 1201 794 1255; x_wconf 89' lang='lat' dir='ltr'><strong>utilitas</strong></span> <span class='ocrx_word' id='word_1_92' title='bbox 816 1200 939 1254; x_wconf 89' lang='lat' dir='ltr'><strong>amicitias</strong></span> <span class='ocrx_word' id='word_1_93' title='bbox 959 1217 1018 1254; x_wconf 90' lang='lat' dir='ltr'><strong>con·</strong></span> 
     </span>
     <span class='ocr_line' id='line_1_13' title="bbox 223 1273 1019 1346; baseline -0.004 -16"><span class='ocrx_word' id='word_1_94' title='bbox 223 1278 370 1346; x_wconf 84' lang='lat' dir='ltr'><strong>glutinaret,</strong></span> <span class='ocrx_word' id='word_1_95' title='bbox 395 1276 482 1330; x_wconf 90' lang='lat' dir='ltr'><strong>eadem</strong></span> <span class='ocrx_word' id='word_1_96' title='bbox 506 1281 662 1330; x_wconf 87' lang='lat' dir='ltr'><strong>commutata</strong></span> <span class='ocrx_word' id='word_1_97' title='bbox 684 1276 841 1330; x_wconf 85' lang='lat' dir='ltr'><strong>dissolveret.</strong></span> <span class='ocrx_word' id='word_1_98' title='bbox 884 1273 936 1328; x_wconf 85' lang='lat' dir='ltr'><strong>Sed</strong></span> <span class='ocrx_word' id='word_1_99' title='bbox 959 1274 1019 1344; x_wconf 89' lang='lat' dir='ltr'><strong>quia</strong></span> 
     </span>
     <span class='ocr_line' id='line_1_14' title="bbox 222 1349 1018 1422; baseline -0.005 -16"><span class='ocrx_word' id='word_1_100' title='bbox 222 1357 317 1407; x_wconf 87' lang='lat' dir='ltr'><strong>natura</strong></span> <span class='ocrx_word' id='word_1_101' title='bbox 332 1352 427 1406; x_wconf 86' lang='lat' dir='ltr'><strong>mutari</strong></span> <span class='ocrx_word' id='word_1_102' title='bbox 444 1369 496 1406; x_wconf 94' lang='lat' dir='ltr'><strong>non</strong></span> <span class='ocrx_word' id='word_1_103' title='bbox 512 1356 606 1422; x_wconf 90' lang='lat' dir='ltr'><strong>potest,</strong></span> <span class='ocrx_word' id='word_1_104' title='bbox 625 1351 719 1406; x_wconf 91' lang='lat' dir='ltr'><strong>idcirco</strong></span> <span class='ocrx_word' id='word_1_105' title='bbox 737 1369 802 1406; x_wconf 81' lang='lat' dir='ltr'><strong>veroe</strong></span> <span class='ocrx_word' id='word_1_106' title='bbox 820 1349 936 1404; x_wconf 85' lang='lat' dir='ltr'><strong>amicitiae</strong></span> <span class='ocrx_word' id='word_1_107' title='bbox 953 1367 1018 1403; x_wconf 91' lang='lat' dir='ltr'><strong>sem-</strong></span> 
     </span>
     <span class='ocr_line' id='line_1_15' title="bbox 223 1424 1018 1498; baseline -0.005 -16"><span class='ocrx_word' id='word_1_108' title='bbox 223 1428 330 1498; x_wconf 83' lang='lat' dir='ltr'><strong>piternae</strong></span> <span class='ocrx_word' id='word_1_109' title='bbox 354 1428 551 1482; x_wconf 88' lang='lat' dir='ltr'><strong>sunt-Ortum</strong></span> <span class='ocrx_word' id='word_1_110' title='bbox 576 1427 678 1497; x_wconf 89' lang='lat' dir='ltr'><strong>quidem</strong></span> <span class='ocrx_word' id='word_1_111' title='bbox 702 1427 818 1481; x_wconf 80' lang='lat' dir='ltr'><strong>amicitia</strong></span> <span class='ocrx_word' id='word_1_112' title='bbox 841 1425 941 1490; x_wconf 87' lang='lat' dir='ltr'><strong>videtis,</strong></span> <span class='ocrx_word' id='word_1_113' title='bbox 968 1424 1018 1478; x_wconf 90' lang='lat' dir='ltr'><strong>nisi</strong></span> 
     </span>
     <span class='ocr_line' id='line_1_16' title="bbox 223 1503 571 1574; baseline 0.003 -17"><span class='ocrx_word' id='word_1_114' title='bbox 223 1503 285 1574; x_wconf 91' lang='lat' dir='ltr'><strong>quid</strong></span> <span class='ocrx_word' id='word_1_115' title='bbox 297 1503 329 1558; x_wconf 89' lang='lat' dir='ltr'><strong>ad</strong></span> <span class='ocrx_word' id='word_1_116' title='bbox 341 1504 394 1558; x_wconf 85' lang='lat' dir='ltr'><strong>haee</strong></span> <span class='ocrx_word' id='word_1_117' title='bbox 406 1503 473 1558; x_wconf 86' lang='lat' dir='ltr'><strong>forte</strong></span> <span class='ocrx_word' id='word_1_118' title='bbox 484 1503 571 1558; x_wconf 81' lang='lat' dir='ltr'><strong>vultis.</strong></span> 
     </span>
    </p>

    <p class='ocr_par' dir='ltr' id='par_1_3' title="bbox 223 1578 1040 1725">
     <span class='ocr_line' id='line_1_17' title="bbox 259 1578 1018 1650; baseline 0 -18"><span class='ocrx_word' id='word_1_119' title='bbox 259 1579 346 1633; x_wconf 84' lang='lat' dir='ltr'><strong>Fann.</strong></span> <span class='ocrx_word' id='word_1_120' title='bbox 373 1579 412 1633; x_wconf 85' lang='lat' dir='ltr'><strong>Tu</strong></span> <span class='ocrx_word' id='word_1_121' title='bbox 421 1597 481 1633; x_wconf 87' lang='lat' dir='ltr'><strong>vero</strong></span> <span class='ocrx_word' id='word_1_122' title='bbox 491 1579 663 1650; x_wconf 81' lang='lat' dir='ltr'><strong>perge‚Laelil</strong></span> <span class='ocrx_word' id='word_1_123' title='bbox 682 1599 729 1650; x_wconf 86' lang='lat' dir='ltr'><strong>pro</strong></span> <span class='ocrx_word' id='word_1_124' title='bbox 738 1580 786 1634; x_wconf 89' lang='lat' dir='ltr'><strong>hoc</strong></span> <span class='ocrx_word' id='word_1_125' title='bbox 795 1580 870 1644; x_wconf 91' lang='lat' dir='ltr'><strong>enim,</strong></span> <span class='ocrx_word' id='word_1_126' title='bbox 881 1578 924 1650; x_wconf 93' lang='lat' dir='ltr'><strong>qui</strong></span> <span class='ocrx_word' id='word_1_127' title='bbox 937 1579 1018 1634; x_wconf 88' lang='lat' dir='ltr'><strong>minor</strong></span> 
     </span>
     <span class='ocr_line' id='line_1_18' title="bbox 223 1655 1040 1725; baseline 0.001 -16"><span class='ocrx_word' id='word_1_128' title='bbox 223 1658 264 1709; x_wconf 87' lang='lat' dir='ltr'><strong>est</strong></span> <span class='ocrx_word' id='word_1_129' title='bbox 276 1660 346 1719; x_wconf 88' lang='lat' dir='ltr'><strong>natu,</strong></span> <span class='ocrx_word' id='word_1_130' title='bbox 359 1672 415 1708; x_wconf 92' lang='lat' dir='ltr'><strong>meo</strong></span> <span class='ocrx_word' id='word_1_131' title='bbox 423 1658 483 1724; x_wconf 88' lang='lat' dir='ltr'><strong>jure</strong></span> <span class='ocrx_word' id='word_1_132' title='bbox 494 1655 642 1725; x_wconf 91' lang='lat' dir='ltr'><strong>respondeo.</strong></span> <span class='ocrx_word' id='word_1_133' title='bbox 1032 1690 1040 1699; x_wconf 83' lang='lat'><strong>--</strong></span> 
     </span>
    </p>

    <p class='ocr_par' dir='ltr' id='par_1_4' title="bbox 260 1730 1057 1801">
     <span class='ocr_line' id='line_1_19' title="bbox 260 1730 1057 1801; baseline 0.005 -17"><span class='ocrx_word' id='word_1_134' title='bbox 260 1731 346 1785; x_wconf 82' lang='lat' dir='ltr'><strong>Somv.</strong></span> <span class='ocrx_word' id='word_1_135' title='bbox 373 1731 454 1785; x_wconf 82' lang='lat' dir='ltr'><strong>Recte</strong></span> <span class='ocrx_word' id='word_1_136' title='bbox 466 1735 497 1785; x_wconf 91' lang='lat' dir='ltr'><strong>tn</strong></span> <span class='ocrx_word' id='word_1_137' title='bbox 509 1731 618 1801; x_wconf 85' lang='lat' dir='ltr'><strong>quidem.</strong></span> <span class='ocrx_word' id='word_1_138' title='bbox 654 1731 825 1791; x_wconf 82' lang='lat' dir='ltr'><strong>Quamobrem</strong></span> <span class='ocrx_word' id='word_1_139' title='bbox 838 1730 976 1785; x_wconf 88' lang='lat' dir='ltr'><strong>audiamus.</strong></span> <span class='ocrx_word' id='word_1_140' title='bbox 1026 1743 1057 1788; x_wconf 77' lang='lat' dir='ltr'><strong>tt</strong></span> 
     </span>
    </p>

    <p class='ocr_par' dir='ltr' id='par_1_5' title="bbox 214 1805 1058 2789">
     <span class='ocr_line' id='line_1_20' title="bbox 258 1805 1017 1877; baseline -0.003 -17"><span class='ocrx_word' id='word_1_141' title='bbox 258 1807 292 1860; x_wconf 91' lang='lat' dir='ltr'><strong>X.</strong></span> <span class='ocrx_word' id='word_1_142' title='bbox 310 1807 384 1861; x_wconf 70' lang='lat' dir='ltr'><strong>imuru</strong></span> <span class='ocrx_word' id='word_1_143' title='bbox 409 1805 504 1860; x_wconf 88' lang='lat' dir='ltr'><strong>Audite</strong></span> <span class='ocrx_word' id='word_1_144' title='bbox 516 1825 584 1876; x_wconf 83' lang='lat' dir='ltr'><strong>ergo,</strong></span> <span class='ocrx_word' id='word_1_145' title='bbox 598 1807 688 1876; x_wconf 89' lang='lat' dir='ltr'><strong>optimi</strong></span> <span class='ocrx_word' id='word_1_146' title='bbox 700 1808 755 1874; x_wconf 84' lang='lat' dir='ltr'><strong>viri,</strong></span> <span class='ocrx_word' id='word_1_147' title='bbox 768 1825 805 1872; x_wconf 86' lang='lat' dir='ltr'><strong>ca,</strong></span> <span class='ocrx_word' id='word_1_148' title='bbox 816 1824 872 1877; x_wconf 81' lang='lat' dir='ltr'><strong>quae</strong></span> <span class='ocrx_word' id='word_1_149' title='bbox 880 1805 1017 1875; x_wconf 75' lang='lat' dir='ltr'><strong>sepissime</strong></span> 
     </span>
     <span class='ocr_line' id='line_1_21' title="bbox 223 1882 1019 1954; baseline -0.005 -16"><span class='ocrx_word' id='word_1_150' title='bbox 223 1882 291 1939; x_wconf 89' lang='lat' dir='ltr'><strong>inter</strong></span> <span class='ocrx_word' id='word_1_151' title='bbox 302 1901 343 1937; x_wconf 90' lang='lat' dir='ltr'><strong>me</strong></span> <span class='ocrx_word' id='word_1_152' title='bbox 354 1888 381 1937; x_wconf 92' lang='lat' dir='ltr'><strong>et</strong></span> <span class='ocrx_word' id='word_1_153' title='bbox 394 1882 536 1954; x_wconf 83' lang='lat' dir='ltr'><strong>Scipionem</strong></span> <span class='ocrx_word' id='word_1_154' title='bbox 548 1882 580 1937; x_wconf 92' lang='lat' dir='ltr'><strong>de</strong></span> <span class='ocrx_word' id='word_1_155' title='bbox 592 1883 703 1937; x_wconf 89' lang='lat' dir='ltr'><strong>amicitia</strong></span> <span class='ocrx_word' id='word_1_156' title='bbox 711 1882 917 1937; x_wconf 88' lang='lat' dir='ltr'><strong>disserebantur:</strong></span> <span class='ocrx_word' id='word_1_157' title='bbox 930 1897 1019 1951; x_wconf 89' lang='lat' dir='ltr'><strong>qnam·</strong></span> 
     </span>
     <span class='ocr_line' id='line_1_22' title="bbox 218 1957 1017 2030; baseline -0.006 -15"><span class='ocrx_word' id='word_1_158' title='bbox 218 1977 300 2030; x_wconf 89' lang='lat' dir='ltr'><strong>quam</strong></span> <span class='ocrx_word' id='word_1_159' title='bbox 323 1959 366 2014; x_wconf 91' lang='lat' dir='ltr'><strong>ille</strong></span> <span class='ocrx_word' id='word_1_160' title='bbox 384 1959 485 2029; x_wconf 92' lang='lat' dir='ltr'><strong>quidem</strong></span> <span class='ocrx_word' id='word_1_161' title='bbox 506 1959 569 2013; x_wconf 91' lang='lat' dir='ltr'><strong>nihil</strong></span> <span class='ocrx_word' id='word_1_162' title='bbox 592 1958 718 2013; x_wconf 87' lang='lat' dir='ltr'><strong>difficilius</strong></span> <span class='ocrx_word' id='word_1_163' title='bbox 737 1976 793 2013; x_wconf 90' lang='lat' dir='ltr'><strong>esse</strong></span> <span class='ocrx_word' id='word_1_164' title='bbox 812 1957 920 2021; x_wconf 89' lang='lat' dir='ltr'><strong>dicebat,</strong></span> <span class='ocrx_word' id='word_1_165' title='bbox 941 1974 1017 2026; x_wconf 88' lang='lat' dir='ltr'><strong>quam</strong></span> 
     </span>
     <span class='ocr_line' id='line_1_23' title="bbox 224 2031 1042 2105; baseline -0.005 -16"><span class='ocrx_word' id='word_1_166' title='bbox 224 2036 359 2090; x_wconf 83' lang='lat' dir='ltr'><strong>amicitiam</strong></span> <span class='ocrx_word' id='word_1_167' title='bbox 377 2053 459 2105; x_wconf 91' lang='lat' dir='ltr'><strong>usque</strong></span> <span class='ocrx_word' id='word_1_168' title='bbox 476 2034 508 2089; x_wconf 89' lang='lat' dir='ltr'><strong>ad</strong></span> <span class='ocrx_word' id='word_1_169' title='bbox 525 2039 666 2089; x_wconf 83' lang='lat' dir='ltr'><strong>extremum</strong></span> <span class='ocrx_word' id='word_1_170' title='bbox 685 2034 744 2089; x_wconf 83' lang='lat' dir='ltr'><strong>vitae</strong></span> <span class='ocrx_word' id='word_1_171' title='bbox 759 2049 913 2104; x_wconf 82' lang='lat' dir='ltr'><strong>permanere.</strong></span> <span class='ocrx_word' id='word_1_172' title='bbox 948 2031 1017 2086; x_wconf 82' lang='lat' dir='ltr'><strong>Num</strong></span> <span class='ocrx_word' id='word_1_173' title='bbox 1038 2066 1042 2072; x_wconf 92' lang='lat'>·</span> 
     </span>
     <span class='ocr_line' id='line_1_24' title="bbox 224 2106 1017 2181; baseline -0.006 -16"><span class='ocrx_word' id='word_1_174' title='bbox 224 2111 272 2176; x_wconf 86' lang='lat' dir='ltr'><strong>vel,</strong></span> <span class='ocrx_word' id='word_1_175' title='bbox 289 2115 318 2165; x_wconf 90' lang='lat' dir='ltr'><strong>ut</strong></span> <span class='ocrx_word' id='word_1_176' title='bbox 337 2129 389 2165; x_wconf 91' lang='lat' dir='ltr'><strong>nou</strong></span> <span class='ocrx_word' id='word_1_177' title='bbox 405 2111 472 2165; x_wconf 92' lang='lat' dir='ltr'><strong>idem</strong></span> <span class='ocrx_word' id='word_1_178' title='bbox 491 2109 629 2181; x_wconf 85' lang='lat' dir='ltr'><strong>expediret,</strong></span> <span class='ocrx_word' id='word_1_179' title='bbox 644 2109 756 2164; x_wconf 87' lang='lat' dir='ltr'><strong>incidere</strong></span> <span class='ocrx_word' id='word_1_180' title='bbox 771 2127 853 2180; x_wconf 83' lang='lat' dir='ltr'><strong>saepe;</strong></span> <span class='ocrx_word' id='word_1_181' title='bbox 874 2107 922 2173; x_wconf 86' lang='lat' dir='ltr'><strong>vel,</strong></span> <span class='ocrx_word' id='word_1_182' title='bbox 940 2110 970 2161; x_wconf 90' lang='lat' dir='ltr'><strong>ut</strong></span> <span class='ocrx_word' id='word_1_183' title='bbox 986 2106 1017 2161; x_wconf 91' lang='lat' dir='ltr'><strong>de</strong></span> 
     </span>
     <span class='ocr_line' id='line_1_25' title="bbox 223 2184 1017 2257; baseline -0.006 -16"><span class='ocrx_word' id='word_1_184' title='bbox 223 2186 353 2257; x_wconf 88' lang='lat' dir='ltr'><strong>republica</strong></span> <span class='ocrx_word' id='word_1_185' title='bbox 372 2204 425 2241; x_wconf 93' lang='lat' dir='ltr'><strong>non</strong></span> <span class='ocrx_word' id='word_1_186' title='bbox 447 2186 514 2242; x_wconf 89' lang='lat' dir='ltr'><strong>idem</strong></span> <span class='ocrx_word' id='word_1_187' title='bbox 538 2187 693 2240; x_wconf 85' lang='lat' dir='ltr'><strong>sentiretur:</strong></span> <span class='ocrx_word' id='word_1_188' title='bbox 718 2186 812 2241; x_wconf 86' lang='lat' dir='ltr'><strong>mutari</strong></span> <span class='ocrx_word' id='word_1_189' title='bbox 834 2184 911 2240; x_wconf 86' lang='lat' dir='ltr'><strong>etiam</strong></span> <span class='ocrx_word' id='word_1_190' title='bbox 934 2201 1017 2237; x_wconf 86' lang='lat' dir='ltr'><strong>mores</strong></span> 
     </span>
     <span class='ocr_line' id='line_1_26' title="bbox 223 2261 1017 2332; baseline -0.004 -16"><span class='ocrx_word' id='word_1_191' title='bbox 223 2263 354 2317; x_wconf 90' lang='lat' dir='ltr'><strong>hominum</strong></span> <span class='ocrx_word' id='word_1_192' title='bbox 367 2280 433 2332; x_wconf 81' lang='lat' dir='ltr'><strong>sape</strong></span> <span class='ocrx_word' id='word_1_193' title='bbox 445 2262 552 2328; x_wconf 82' lang='lat' dir='ltr'><strong>dicebat,</strong></span> <span class='ocrx_word' id='word_1_194' title='bbox 566 2262 627 2316; x_wconf 90' lang='lat' dir='ltr'><strong>alias</strong></span> <span class='ocrx_word' id='word_1_195' title='bbox 642 2261 755 2318; x_wconf 84' lang='lat' dir='ltr'><strong>adversis</strong></span> <span class='ocrx_word' id='word_1_196' title='bbox 769 2261 854 2326; x_wconf 89' lang='lat' dir='ltr'><strong>rebus,</strong></span> <span class='ocrx_word' id='word_1_197' title='bbox 868 2261 930 2315; x_wconf 86' lang='lat' dir='ltr'><strong>alias</strong></span> <span class='ocrx_word' id='word_1_198' title='bbox 941 2264 1017 2315; x_wconf 80' lang='lat' dir='ltr'><strong>retate</strong></span> 
     </span>
     <span class='ocr_line' id='line_1_27' title="bbox 224 2336 1018 2408; baseline -0.005 -15"><span class='ocrx_word' id='word_1_199' title='bbox 224 2339 422 2408; x_wconf 80' lang='lat' dir='ltr'><strong>ingravescente.</strong></span> <span class='ocrx_word' id='word_1_200' title='bbox 457 2339 543 2408; x_wconf 85' lang='lat' dir='ltr'><strong>Atque</strong></span> <span class='ocrx_word' id='word_1_201' title='bbox 554 2356 641 2392; x_wconf 86' lang='lat' dir='ltr'><strong>earum</strong></span> <span class='ocrx_word' id='word_1_202' title='bbox 653 2357 739 2393; x_wconf 88' lang='lat' dir='ltr'><strong>rernm</strong></span> <span class='ocrx_word' id='word_1_203' title='bbox 750 2337 893 2408; x_wconf 89' lang='lat' dir='ltr'><strong>exemplum</strong></span> <span class='ocrx_word' id='word_1_204' title='bbox 905 2355 937 2391; x_wconf 82' lang='lat' dir='ltr'><strong>ex</strong></span> <span class='ocrx_word' id='word_1_205' title='bbox 949 2336 1018 2390; x_wconf 90' lang='lat' dir='ltr'><strong>simi-</strong></span> 
     </span>
     <span class='ocr_line' id='line_1_28' title="bbox 224 2413 1016 2485; baseline -0.005 -17"><span class='ocrx_word' id='word_1_206' title='bbox 224 2413 332 2468; x_wconf 89' lang='lat' dir='ltr'><strong>litudine</strong></span> <span class='ocrx_word' id='word_1_207' title='bbox 344 2413 459 2482; x_wconf 89' lang='lat' dir='ltr'><strong>capiebat</strong></span> <span class='ocrx_word' id='word_1_208' title='bbox 471 2414 582 2468; x_wconf 91' lang='lat' dir='ltr'><strong>ineuntis</strong></span> <span class='ocrx_word' id='word_1_209' title='bbox 595 2415 687 2480; x_wconf 85' lang='lat' dir='ltr'><strong>aetatis,</strong></span> <span class='ocrx_word' id='word_1_210' title='bbox 699 2414 767 2485; x_wconf 90' lang='lat' dir='ltr'><strong>qnod</strong></span> <span class='ocrx_word' id='word_1_211' title='bbox 779 2414 871 2468; x_wconf 89' lang='lat' dir='ltr'><strong>summi</strong></span> <span class='ocrx_word' id='word_1_212' title='bbox 882 2429 1016 2483; x_wconf 89' lang='lat' dir='ltr'><strong>pnemrnm</strong></span> 
     </span>
     <span class='ocr_line' id='line_1_29' title="bbox 223 2487 1058 2560; baseline -0.004 -15"><span class='ocrx_word' id='word_1_213' title='bbox 223 2507 322 2545; x_wconf 90' lang='lat' dir='ltr'><strong>amores</strong></span> <span class='ocrx_word' id='word_1_214' title='bbox 335 2506 402 2559; x_wconf 80' lang='lat' dir='ltr'><strong>sape</strong></span> <span class='ocrx_word' id='word_1_215' title='bbox 414 2506 465 2543; x_wconf 93' lang='lat' dir='ltr'><strong>una</strong></span> <span class='ocrx_word' id='word_1_216' title='bbox 477 2506 534 2543; x_wconf 88' lang='lat' dir='ltr'><strong>cum</strong></span> <span class='ocrx_word' id='word_1_217' title='bbox 550 2493 676 2559; x_wconf 73' lang='lat' dir='ltr'><strong>praetexta</strong></span> <span class='ocrx_word' id='word_1_218' title='bbox 688 2493 858 2560; x_wconf 88' lang='lat' dir='ltr'><strong>ponerentur;</strong></span> <span class='ocrx_word' id='word_1_219' title='bbox 876 2487 916 2541; x_wconf 89' lang='lat' dir='ltr'><strong>sin</strong></span> <span class='ocrx_word' id='word_1_220' title='bbox 932 2490 1017 2541; x_wconf 86' lang='lat' dir='ltr'><strong>autem</strong></span> <span class='ocrx_word' id='word_1_221' title='bbox 1029 2497 1058 2551; x_wconf 60' lang='lat'><strong>54,</strong></span> 
     </span>
     <span class='ocr_line' id='line_1_30' title="bbox 214 2562 1018 2635; baseline -0.009 -13"><span class='ocrx_word' id='word_1_222' title='bbox 214 2567 257 2622; x_wconf 55' lang='lat' dir='ltr'><strong>¹ud</strong></span> <span class='ocrx_word' id='word_1_223' title='bbox 274 2565 468 2621; x_wconf 86' lang='lat' dir='ltr'><strong>adolescentiam</strong></span> <span class='ocrx_word' id='word_1_224' title='bbox 486 2565 674 2635; x_wconf 87' lang='lat' dir='ltr'><strong>perduxissent,</strong></span> <span class='ocrx_word' id='word_1_225' title='bbox 686 2566 770 2620; x_wconf 88' lang='lat' dir='ltr'><strong>dirimi</strong></span> <span class='ocrx_word' id='word_1_226' title='bbox 786 2569 873 2619; x_wconf 87' lang='lat' dir='ltr'><strong>tamen</strong></span> <span class='ocrx_word' id='word_1_227' title='bbox 890 2562 1018 2616; x_wconf 90' lang='lat' dir='ltr'><strong>interdum</strong></span> 
     </span>
     <span class='ocr_line' id='line_1_31' title="bbox 214 2637 1017 2708; baseline -0.009 -11"><span class='ocrx_word' id='word_1_228' title='bbox 214 2642 386 2697; x_wconf 73' lang='lat' dir='ltr'><strong>contentione</strong></span> <span class='ocrx_word' id='word_1_229' title='bbox 399 2640 439 2695; x_wconf 86' lang='lat' dir='ltr'><strong>vel</strong></span> <span class='ocrx_word' id='word_1_230' title='bbox 451 2641 548 2695; x_wconf 86' lang='lat' dir='ltr'><strong>uxoriae</strong></span> <span class='ocrx_word' id='word_1_231' title='bbox 560 2641 712 2696; x_wconf 83' lang='lat' dir='ltr'><strong>conditionis</strong></span> <span class='ocrx_word' id='word_1_232' title='bbox 721 2640 761 2695; x_wconf 86' lang='lat' dir='ltr'><strong>vel</strong></span> <span class='ocrx_word' id='word_1_233' title='bbox 770 2637 894 2694; x_wconf 89' lang='lat' dir='ltr'><strong>commodi</strong></span> <span class='ocrx_word' id='word_1_234' title='bbox 903 2637 1017 2708; x_wconf 86' lang='lat' dir='ltr'><strong>alicujus,</strong></span> 
     </span>
     <span class='ocr_line' id='line_1_32' title="bbox 225 2712 1020 2789; baseline -0.006 -17"><span class='ocrx_word' id='word_1_235' title='bbox 225 2718 293 2789; x_wconf 86' lang='lat' dir='ltr'><strong>quod</strong></span> <span class='ocrx_word' id='word_1_236' title='bbox 309 2717 376 2773; x_wconf 89' lang='lat' dir='ltr'><strong>idem</strong></span> <span class='ocrx_word' id='word_1_237' title='bbox 395 2715 500 2785; x_wconf 85' lang='lat' dir='ltr'><strong>adipisci</strong></span> <span class='ocrx_word' id='word_1_238' title='bbox 516 2726 624 2786; x_wconf 86' lang='lat' dir='ltr'><strong>uterque</strong></span> <span class='ocrx_word' id='word_1_239' title='bbox 641 2735 693 2771; x_wconf 89' lang='lat' dir='ltr'><strong>non</strong></span> <span class='ocrx_word' id='word_1_240' title='bbox 711 2719 805 2785; x_wconf 88' lang='lat' dir='ltr'><strong>posset.</strong></span> <span class='ocrx_word' id='word_1_241' title='bbox 840 2712 917 2772; x_wconf 79' lang='lat' dir='ltr'><strong>Quod</strong></span> <span class='ocrx_word' id='word_1_242' title='bbox 935 2713 1020 2783; x_wconf 90' lang='lat' dir='ltr'><strong>siqui</strong></span> 
     </span>
    </p>
   </div>
   <div class='ocr_carea' id='block_1_3' title="bbox 225 2787 1020 2994">
    <p class='ocr_par' dir='ltr' id='par_1_6' title="bbox 225 2787 1020 2994">
     <span class='ocr_line' id='line_1_33' title="bbox 225 2787 1020 2865; baseline -0.011 -15"><span class='ocrx_word' id='word_1_243' title='bbox 225 2794 326 2865; x_wconf 77' lang='lat' dir='ltr'><strong>longius</strong></span> <span class='ocrx_word' id='word_1_244' title='bbox 344 2793 370 2847; x_wconf 92' lang='lat' dir='ltr'><strong>in</strong></span> <span class='ocrx_word' id='word_1_245' title='bbox 388 2792 500 2847; x_wconf 80' lang='lat' dir='ltr'><strong>amicitia</strong></span> <span class='ocrx_word' id='word_1_246' title='bbox 517 2792 630 2862; x_wconf 83' lang='lat' dir='ltr'><strong>provecti</strong></span> <span class='ocrx_word' id='word_1_247' title='bbox 648 2796 741 2857; x_wconf 90' lang='lat' dir='ltr'><strong>essent,</strong></span> <span class='ocrx_word' id='word_1_248' title='bbox 760 2797 846 2846; x_wconf 88' lang='lat' dir='ltr'><strong>tamen</strong></span> <span class='ocrx_word' id='word_1_249' title='bbox 864 2807 931 2860; x_wconf 79' lang='lat' dir='ltr'><strong>saepe</strong></span> <span class='ocrx_word' id='word_1_250' title='bbox 951 2787 1020 2842; x_wconf 80' lang='lat' dir='ltr'><strong>labe·</strong></span> 
     </span>
     <span class='ocr_line' id='line_1_34' title="bbox 225 2867 1019 2938; baseline -0.014 -10"><span class='ocrx_word' id='word_1_251' title='bbox 225 2869 323 2935; x_wconf 64' lang='lat' dir='ltr'><strong>luctui,</strong></span> <span class='ocrx_word' id='word_1_252' title='bbox 336 2869 358 2922; x_wconf 90' lang='lat' dir='ltr'><strong>si</strong></span> <span class='ocrx_word' id='word_1_253' title='bbox 372 2868 399 2922; x_wconf 93' lang='lat' dir='ltr'><strong>in</strong></span> <span class='ocrx_word' id='word_1_254' title='bbox 413 2867 516 2924; x_wconf 89' lang='lat' dir='ltr'><strong>honoris</strong></span> <span class='ocrx_word' id='word_1_255' title='bbox 530 2868 719 2938; x_wconf 87' lang='lat' dir='ltr'><strong>contentionem</strong></span> <span class='ocrx_word' id='word_1_256' title='bbox 736 2867 902 2922; x_wconf 86' lang='lat' dir='ltr'><strong>incidissent:</strong></span> <span class='ocrx_word' id='word_1_257' title='bbox 921 2868 1019 2935; x_wconf 85' lang='lat' dir='ltr'><strong>pestem</strong></span> 
     </span>
     <span class='ocr_line' id='line_1_35' title="bbox 619 2959 636 2994; baseline 0 0"><span class='ocrx_word' id='word_1_258' title='bbox 619 2959 636 2994; x_wconf 84' lang='lat' dir='ltr'><strong>n</strong></span> 
     </span>
    </p>
   </div>
   <div class='ocr_carea' id='block_1_4' title="bbox 0 0 1297 3367">
    <p class='ocr_par' dir='ltr' id='par_1_7' title="bbox 0 0 1297 3367">
     <span class='ocr_line' id='line_1_36' title="bbox 0 0 1297 3367; baseline 0 0"><span class='ocrx_word' id='word_1_259' title='bbox 0 0 1297 3367; x_wconf 95' lang='lat' dir='ltr'><strong> </strong></span> 
     </span>
    </p>
   </div>
  </div>
 </body>
</html>
