2575 3367
291 310 322 355 40
576 306 624 354 DE
643 305 794 352 OFFlCllS

290 436 335 488 per
347 416 442 486 aliquid
453 418 498 471 aut
510 416 621 487 anquirit
633 421 679 472 ant
691 418 752 488 agit,
765 417 917 488 videndique
924 418 952 472 et
963 416 1083 472 audiendi

291 492 457 548 delectatione
469 492 580 548 ducitur.
617 494 686 560 Quin
697 495 781 560 etianr,
794 495 817 550 si
828 494 886 565 quis
901 497 942 549 eet
953 493 1039 563 paullo
1051 491 1084 547 ad

290 569 435 640 voluptates
446 571 602 642 propensior,
615 570 690 626 modo
706 590 739 626 ne
750 571 785 627 ait
799 589 832 627 ex
842 569 968 641 pecudum
980 587 1082 640 genere,

291 647 364 716 (sunt
376 646 442 702 enim
454 645 555 717 qnidam
567 646 683 703 homines
693 666 745 702 non
756 666 793 713 re,
801 647 846 703 aad
857 647 958 702 nomine
966 647 987 714 z)
1005 645 1083 700 sedai

291 723 348 794 quia
369 727 410 778 est
429 723 513 794 paullo
534 724 650 790 erectior,
672 724 787 794 quamvis
806 724 938 794 voluptate
958 722 1082 793 capiatur,

291 799 403 854 occultat
426 803 453 854 et
480 799 623 855 dissimulat
646 801 787 871 appetitum
812 799 953 870 voluptatis
979 803 1084 870 propter

237 891 281 934 loo
291 875 475 932 verecundiam.
510 876 551 931 Ex
563 894 614 947 quo
631 877 783 948 intelligitur
796 875 909 947 eorporis
925 873 1084 946 voluptatem

290 971 344 1008 non
355 952 417 1007 satis
429 970 485 1008 ease
497 951 598 1024 diguam
610 953 718 1008 hominis
734 953 888 1023 prestantia,
900 969 1007 1022 eamque
1023 969 1085 1006 con-

292 1028 372 1083 temni
390 1032 417 1083 et
434 1029 503 1098 rejici
521 1033 657 1099 oportere:
680 1030 720 1084 ain
735 1029 769 1085 sit
785 1029 917 1100 quispiam,
928 1029 973 1099 qni
988 1027 1084 1099 aliquid

293 1105 389 1160 tribuat
407 1105 540 1177 voluptati,
552 1104 687 1177 diligenter
703 1105 728 1161 ei
738 1106 876 1163 tenendum
890 1123 946 1160 esse
961 1107 1018 1174 ejus
1030 1103 1084 1158 irn-

293 1181 364 1237 endae
384 1181 494 1236 modum.
538 1181 630 1254 Itaque
650 1184 735 1239 victua
758 1182 893 1253 cultusque
916 1180 1029 1250 corporis
1052 1177 1085 1237 ad

293 1257 465 1314 valetudinem
480 1257 606 1313 referatur
622 1262 650 1314 et
667 1258 700 1314 ud
716 1259 791 1325 vires,
803 1277 856 1314 non
870 1257 903 1312 ad
918 1257 1084 1328 voluptatem.

294 1336 380 1406 Atque
392 1335 477 1399 etiam,
489 1333 512 1390 ai
527 1334 686 1390 considerare
701 1335 823 1398 volemus,
835 1333 983 1405 quesitio
992 1338 1087 1388 natura

293 1412 402 1466 hominis
419 1411 568 1466 excellentia
584 1414 611 1467 et
628 1411 747 1482 digvnitaa,
761 1411 940 1482 intelligemus,
956 1427 1032 1480 quam
1051 1409 1087 1467 sit

294 1493 377 1558 turpe,
398 1487 510 1542 diffluere
527 1486 634 1552 luxuria,
648 1492 674 1542 et
689 1487 795 1543 delicate
809 1505 839 1543 ae
856 1487 965 1542 molliter
981 1486 1086 1554 rivere5

295 1581 419 1635 quamque
430 1563 574 1628 honestum,
586 1581 668 1634 parce,
681 1565 849 1630 continenter,
861 1581 956 1627 severe,
968 1561 1061 1618 sobrie.

240 1651 284 1697 107
331 1638 526 1710 Intelligendum
544 1642 583 1694 ent
601 1640 685 1706 etiem,
697 1641 796 1696 duobus
813 1640 948 1712 quasinos
963 1642 1088 1694 auctura

232 1764 235 1769 .
294 1716 398 1773 indutos
409 1733 465 1770 esse
477 1716 605 1785 personis3
618 1733 726 1787 quarum
736 1735 788 1772 nna
802 1715 942 1772 communis
953 1717 1036 1773 estex
1047 1735 1086 1782 en

295 1792 363 1865 quod
383 1811 470 1848 omnes
490 1792 626 1865 participes
646 1811 735 1850 snmus
751 1792 866 1860 rationis,
883 1794 1088 1864 prestantimque

295 1874 358 1940 ejus,
380 1888 431 1940 qua
450 1870 623 1926 antecellimus
642 1868 740 1935 bestiis,
758 1887 775 1924 a
792 1887 843 1940 qua
859 1886 934 1924 omne
951 1869 1088 1924 honestum

295 1945 463 2017 decorumque
481 1947 593 2002 trahitur
608 1949 637 2002 et
652 1963 685 2001 ex
702 1963 753 2016 que
769 1945 835 2000 ratio
852 1945 996 2000 inveniendi
1013 1945 1090 2002 officii

295 2023 453 2094 exquiritur:
474 2023 554 2078 altera
568 2025 662 2088 autem,
676 2040 732 2093 quae
749 2021 850 2093 proprie
864 2021 972 2092 singulis
989 2025 1031 2076 est
1042 2022 1090 2077 tri-

295 2099 364 2154 buta.
400 2100 439 2154 Ut
460 2099 526 2154 enim
543 2102 571 2154 in
588 2098 736 2170 corporibus
752 2115 852 2169 magna
870 2097 1090 2154 dissimilitudines

294 2181 370 2241 aunt3
393 2176 465 2244 (elios
478 2176 592 2232 videmus
602 2176 739 2233 velocitate
750 2174 782 2230 ad
794 2193 905 2238 curuum,
917 2174 979 2230 alios
991 2174 1090 2232 viribus

294 2252 327 2306 ad
335 2251 481 2307 luctandum
494 2253 592 2319 valere;
609 2252 722 2322 itemque
730 2252 759 2306 in
770 2251 858 2307 formis
869 2250 925 2305 aliia
937 2249 1089 2321 dignitatern

294 2327 384 2395 inesse,
396 2327 450 2382 aliis
463 2332 623 2383 venustatem
631 2329 652 2396 ι)
673 2327 748 2382 sicin
763 2326 853 2384 aru'mia
871 2326 1000 2381 exsistunt
1012 2329 1090 2396 majo·

239 2411 286 2456 108
295 2422 335 2459 res
347 2404 423 2458 etiam
435 2405 579 2460 varietates.
615 2405 680 2460 Erat
691 2404 718 2459 iu
729 2403 761 2459 L.
774 2404 875 2469 Crasso,
886 2403 914 2458 in
925 2402 957 2458 L.
970 2402 1091 2474 Philippo

294 2480 390 2535 multus
406 2480 495 2552 lepos;
519 2481 600 2553 major
615 2481 701 2545 etiam,
713 2480 845 2550 magisque
862 2478 894 2534 de
912 2478 1047 2547 industria,
1063 2479 1091 2535 ia

294 2557 324 2612 0.
337 2557 445 2625 Oaesare,
457 2557 489 2612 L.
501 2557 531 2612 F.
566 2559 604 2612 At
615 2557 704 2612 iisdem
720 2556 878 2626 temporibus
893 2556 921 2610 in
938 2555 977 2610 ln
994 2555 1091 2610 Scauro

294 2635 359 2689 etin
375 2635 414 2689 M.
432 2635 518 2689 Druso
536 2633 695 2689 adolescente
710 2633 845 2704 aiugulmis
857 2632 995 2698 severitas3
1018 2632 1046 2686 in
1058 2632 1089 2688 G.

294 2710 374 2766 Laelio
386 2710 466 2766 multa
477 2710 605 2776 lrilaritas3
624 2709 652 2764 in
663 2711 718 2777 ejus
728 2709 844 2764 familiari
856 2708 973 2778 Scipione
984 2708 1090 2763 ambitio

294 2791 381 2857 mnjor,
395 2787 448 2841 vita
459 2787 565 2842 tristior.
601 2786 642 2839 De
655 2785 751 2840 Graecis
767 2789 860 2849 autem
874 2784 973 2839 dulcem
985 2790 1013 2838 et
1025 2785 1091 2839 faee-

294 2866 359 2929 tum,
371 2863 508 2935 taurique
524 2860 656 2928 sermonis,
668 2864 745 2933 atque
760 2861 869 2918 inomni
883 2861 998 2918 oratioue
1009 2860 1090 2917 aimu-
