2575 3367
324 619 364 674 M.
383 620 511 676 rULLII
529 621 727 679 CICERONIS

279 757 366 847 DE
419 757 760 850 OFFIOIIS

233 920 302 981 sn
342 923 573 983 Minoum
612 923 813 984 rimosa

359 1081 472 1130 LIBER
492 1083 687 1131 SECUNDUS.

453 1234 592 1250 m

402 1344 646 1393 ARGUMENTUM.

190 1457 249 1493 muro
265 1446 310 1493 hoo
325 1446 385 1494 libro
402 1448 475 1494 totius
492 1448 656 1508 disputationis
672 1447 798 1494 seeundum
815 1447 844 1494 ‹lo
860 1447 919 1494 Utili

190 1527 200 1558 1
210 1512 331 1570 explicaro
341 1513 450 1559 instituit.

190 1579 219 1623 ile
229 1582 308 1622 autom
319 1583 354 1623 est
364 1577 385 1622 ei
395 1578 433 1623 vel
442 1578 570 1636 opinatum,
579 1578 641 1636 quod
651 1578 681 1624 ab
691 1577 788 1623 honesto
798 1577 919 1636 discrepat,

190 1656 266 1695 erum,
277 1656 330 1686 cum
343 1642 440 1688 honesto
453 1644 601 1703 conjunctum
618 1649 642 1688 at
657 1648 742 1687 natura
756 1642 883 1698 confusum,
895 1649 920 1687 et

190 1723 199 1753 1
210 1707 237 1752 in
244 1708 332 1752 virtuto
342 1706 449 1765 positum.
470 1708 516 1754 Sed
525 1709 797 1766 quoniam,quoeoumque
806 1708 836 1752 ad
844 1707 919 1751 vitam

190 1786 246 1817 num
262 1772 374 1818 tuendam
390 1774 459 1818 etad
475 1773 603 1818 utilitatem
620 1778 725 1818 nostram
739 1773 863 1830 pertinent,
878 1776 919 1816 aut

190 1837 310 1884 hominum
320 1851 387 1895 opero
397 1838 505 1896 perfectu,
516 1843 557 1883 aut
567 1839 616 1883 sina
627 1851 705 1883 aomm
721 1837 811 1881 auxilio
825 1849 919 1893 oompa-

190 1917 227 1949 ion
240 1907 343 1960 possunt,
356 1903 505 1961 hominesque
520 1902 654 1948 hominibus
663 1902 789 1961 plurimum
802 1901 881 1946 obesse
894 1905 919 1946 et

190 1981 230 2014 ase
239 1973 335 2026 possunt
344 1981 349 2013 :
365 1968 452 2013 relictis
461 1969 574 2022 omnibus,
582 1969 680 2014 aliorum
690 1967 780 2012 animos
789 1965 856 2010 nobis
866 1979 919 2010 con·

190 2035 237 2079 idos
254 2039 279 2078 et
295 2034 326 2078 ad
342 2046 397 2078 usus
412 2038 503 2079 nostros
520 2033 679 2092 adjungendos
695 2045 744 2077 ease
760 2031 841 2085 dooet;
857 2031 920 2089 quod

190 2099 238 2144 ,odo
252 2098 396 2156 fieri-possit,
409 2099 498 2156 eopiosa
513 2099 665 2154 demonstrat,
677 2097 718 2143 sed
731 2097 773 2150 ita,
784 2100 812 2141 ut
826 2109 918 2141 omnem

190 2177 225 2210 em
236 2168 306 2222 atque
315 2163 503 2209 benevolentiam
513 2163 634 2208 hominum
645 2162 754 2208 avirtuta
764 2166 788 2206 et
797 2160 918 2208 honestata

190 2229 273 2275 endam
291 2242 340 2273 essa
358 2229 428 2284 dicat,
447 2233 476 2274 ut
491 2242 506 2273 a
519 2228 618 2287 justitia,
635 2228 757 2286 sapientia,
771 2227 918 2281 liberalitate,

190 2293 340 2347 inmanitate,
350 2294 509 2352 hospitalitate
521 2293 549 2352 (o
557 2293 648 2352 3-24).
678 2293 717 2338 Au
726 2293 853 2338 utilitatem
863 2306 918 2338 vero

190 2373 232 2404 ,am
247 2358 349 2416 pertinet
364 2359 434 2404 etiam
452 2359 569 2414 valetudo,
582 2357 730 2416 pecuniaeque
742 2357 845 2411 nuntio,
861 2370 917 2414 quo-

205 2424 317 2469 valetudo
333 2429 476 2470 sustentetur
491 2429 515 2468 et
528 2424 627 2481 pecunia
640 2422 736 2467 honeste
751 2426 872 2479 quaeratur,
882 2435 917 2466 os·

190 2498 196 2536 t
207 2489 237 2549 (c.
248 2489 283 2534 24.
293 2489 361 2548 extr.)
392 2489 420 2533 In
430 2489 600 2546 comparatione
610 2492 689 2532 autem
698 2487 836 2536 utilitatum,
845 2497 918 2543 quum

190 2560 276 2600 xtema
293 2554 482 2599 commodatum
499 2553 624 2598 commonit
641 2551 748 2608 corporis,
763 2549 803 2594 vel
818 2549 918 2605 eorporis

190 2620 243 2666 toda
258 2633 312 2678 aum
326 2618 435 2673 extemis,
445 2619 501 2664 item
516 2618 636 2662 commoda
651 2615 750 2671 eorporis
762 2614 823 2659 inter
837 2625 869 2665 se,
879 2613 917 2657 vel

190 2699 218 2730 ua
233 2698 287 2728 oum
305 2684 408 2728 externis
425 2683 579 2733 conferantur,
594 2681 690 2725 dubium
705 2691 755 2722 ease
769 2682 847 2734 negat,
861 2678 917 2734 quin

190 2749 302 2794 rutilitas
316 2748 400 2792 minori
414 2749 445 2793 sit
459 2747 626 2805 anteponenda,
635 2745 682 2789 huo
696 2743 843 2800 tamenlege,
851 2746 878 2786 ut
887 2754 917 2787 ua

190 2820 260 2861 nesto
270 2813 407 2860 deflectatur
416 2812 478 2872 (cap.
490 2812 536 2871 25).
