2575 3367
261 274 288 363 ia
538 312 628 361 caro
647 310 766 360 maron
880 273 883 277 ¹

258 440 331 494 qnam
350 422 439 477 consui
457 420 563 476 inisset:
587 421 632 476 sed
650 420 786 476 notandam
803 419 895 491 putari
912 420 981 476 libidi

259 498 305 553 Ille
317 497 384 553 enim
396 516 474 568 quum
490 501 558 552 esset
572 497 668 562 consul,
680 497 707 551 in
720 496 801 551 Gallia
812 500 936 552 exoratus
952 497 980 552 in

259 573 353 629 ririoa
368 581 452 629 scorto
468 579 515 639 est,
527 576 558 628 nt
573 574 656 628 securi
668 573 755 628 iuuet
771 572 882 643 aliquem
898 591 981 627 corun

258 651 286 705 in
306 649 412 706 vinculis
435 653 520 704 essent
544 648 657 704 damnati
679 649 717 704 rei
739 648 863 719 capitalis.
900 649 963 714 Hic,

259 727 337 781 fratre
353 744 407 791 sno,
421 743 531 790 censore,
545 725 588 795 qni
603 725 734 795 proximus
750 728 810 779 ante
825 742 867 779 me
879 724 975 793 suerat,

259 821 302 856 sus
314 806 369 867 est;
387 801 449 854 mihi
461 818 521 855 vero
533 804 560 855 et
574 801 664 856 Flacco
682 801 831 871 neutiquam
846 800 952 870 probari
968 818 981 871 p

222 912 226 921 ι
259 883 311 932 tam
328 876 455 946 flagitiosa
472 872 499 931 e't
516 882 569 931 tarn
585 876 686 947 perdita
701 876 786 944 libido,
803 895 862 946 quae
880 894 942 933 cum
960 894 981 948 p:

258 953 358 1023 privato
370 952 530 1023 conjungerit
542 952 641 1022 imperii
652 952 770 1008 dedecus.

225 1040 252 1084 aa
292 1027 373 1083 XIII.
393 1028 466 1098 Saepe
482 1027 568 1082 audivi
585 1045 601 1082 a
620 1027 758 1099 majoribus
775 1031 846 1093 natu,
865 1027 913 1099 qni
930 1046 959 1083 se
979 1047 981 1054 ·

260 1122 351 1176 pueros
372 1122 388 1158 a
405 1103 508 1159 senibus
527 1103 628 1160 audisse
646 1104 772 1170 dicebant,
791 1103 879 1158 mirari
901 1103 979 1159 solitu

260 1180 411 1245 Fabricium,
426 1179 502 1251 quod,
518 1199 596 1250 quum
614 1179 682 1252 apud
700 1199 787 1251 regem
804 1179 936 1250 Pyrrhum
954 1180 981 1247 le,

260 1262 335 1320 essct,
346 1256 458 1311 audisset
470 1273 485 1310 a
496 1255 617 1311 Thessalo
626 1255 713 1322 Cinea,
723 1274 779 1312 esse
791 1255 928 1327 quemdam
936 1256 981 1310 Aa]

261 1332 304 1403 qui
325 1351 353 1388 se
373 1333 511 1403 sapientem
530 1332 700 1402 profiteretur,
719 1349 828 1402 eumque
849 1331 942 1397 dicere,
963 1349 980 1386 o

260 1427 317 1478 quoe
334 1409 482 1474 faceremus,
501 1407 533 1462 ad
550 1407 707 1478 voluptatem
727 1425 783 1462 esse
800 1407 943 1462 referenda

260 1502 292 1539 ex
304 1485 485 1549 coaudientes,
498 1484 545 1538 Μ’.
555 1485 658 1539 (iuriam
671 1488 698 1540 et
712 1485 749 1539 I'i
762 1485 949 1539 Coruncanium
966 1501 981 1539 o

260 1558 356 1627 solitos,
368 1564 398 1613 nt
413 1558 441 1614 id
454 1558 609 1615 Samnitibus
624 1560 724 1631 ipsique
736 1559 835 1631 Pyrrho
847 1559 981 1630 persuader

260 1651 311 1705 qno
331 1634 430 1690 saudim
449 1634 516 1690 vinci
535 1639 648 1706 possent,
668 1654 748 1706 quum
768 1653 796 1690 se
814 1634 979 1706 volnptatibn

261 1709 366 1765 dissent.
403 1710 510 1766 Vixerat
527 1710 575 1766 Μ’.
586 1711 677 1766 curius
695 1728 753 1766 cnm
770 1711 801 1766 P.
809 1711 899 1776 Decio,
919 1712 965 1782 qni

262 1786 372 1858 quennio
392 1790 452 1842 ante
471 1804 528 1841 eum
547 1787 676 1842 consulem
696 1804 724 1841 ae
744 1805 791 1856 pro
811 1786 943 1856 republica
963 1805 981 1857 q

249 1864 396 1920 'considatn
413 1862 555 1918 devoverat.
591 1862 675 1917 Norat
692 1862 808 1918 eumdem
822 1861 965 1929 Fabricius,

263 1939 449 1995 Ooruucanius:
468 1937 511 2009 qni
523 1955 601 2010 quum
613 1955 645 1992 ex
657 1938 775 2003 suavita,
788 1941 844 1992 tum
856 1956 889 1992 ex
901 1938 967 2008 ejus,
979 1974 980 1981 .

263 2015 327 2084 dico,
345 2016 375 2070 P.
388 2014 462 2070 Decii
481 2014 550 2069 facto
566 2011 724 2083 judicabant,
745 2031 801 2068 esse
821 2013 939 2082 proiecto
960 2013 981 2069 ai

261 2095 354 2146 natura
373 2090 505 2161 pulchrum
526 2092 603 2160 atquc
626 2088 780 2159 praclarum,
802 2088 872 2159 quod
895 2106 945 2144 sua
964 2107 981 2145 s

261 2171 398 2236 peteretur,
412 2166 538 2238 quodque,
549 2168 636 2236 spreta
651 2169 679 2220 et
694 2169 839 2235 contempta
856 2165 981 2236 voluptati

228 2243 340 2297 rotimus
351 2242 457 2312 quisque
470 2244 627 2312 sequeretur.
664 2241 795 2301 Quorsum
810 2241 892 2310 igitur
903 2245 960 2296 tam
976 2261 981 2297 ι

261 2317 293 2373 dc
311 2317 459 2386 voluptate?
495 2317 560 2383 Quia
577 2334 629 2371 non
647 2316 722 2372 modo
739 2317 895 2387 vituperatio
913 2318 981 2373 nulls

261 2393 337 2449 etiam
356 2410 454 2446 summa
471 2392 526 2446 lans
547 2393 687 2448 senectutis
706 2396 754 2461 est,
772 2392 840 2465 quod
860 2411 892 2448 ea
909 2393 981 2466 volup

261 2468 343 2525 nullas
355 2485 447 2539 magno
459 2486 535 2540 opere
547 2468 682 2524 desiderat.
716 2473 751 2524 at
763 2473 832 2524 caret
844 2469 928 2538 epulis
941 2489 981 2526 exi

262 2546 346 2617 iisqne
369 2545 463 2600 mensis
486 2549 513 2599 et
536 2544 712 2614 frequentibus
736 2545 854 2616 poculis?
893 2547 972 2603 Caret

263 2623 339 2676 etiam
351 2620 488 2675 vinolentia
505 2623 531 2675 et
549 2620 675 2675 cruditate
690 2622 717 2675 et
734 2620 872 2675 insomniis.
909 2622 981 2678 Sedu

264 2697 324 2767 quid
335 2696 444 2752 dandum
457 2700 497 2751 est
509 2696 641 2765 voluptati,
655 2697 773 2766 quoniam
789 2700 844 2766 ejus
857 2696 981 2755 blanditiis

264 2773 335 2828 i'acile
353 2771 507 2836 obsistimus,
528 2771 623 2840 (divine
641 2773 707 2826 enim
725 2772 800 2827 Plato
820 2791 903 2826 mam
924 2775 981 2828 mal

262 2847 372 2918 appellat
392 2849 555 2919 voluptatem,
576 2847 646 2916 qaod
665 2865 694 2901 aa
714 2848 828 2904 uidelicet
848 2848 967 2905 bonitates
