2575 3367
274 342 343 392 ΜΒ.
361 342 413 392 111.
431 342 506 393 CAP.
520 345 558 403 la,
569 342 606 394 17.
790 346 836 394 121

188 455 266 511 cutia
274 455 333 524 jure
344 455 413 510 civili
425 473 512 509 omnes
526 453 705 525 comprehendi
715 472 768 510 non
778 472 838 526 pos-

188 551 204 586 n
228 535 314 585 autem
338 535 454 601 possunt,
473 530 607 602 diligenter
631 534 759 586 tenentur.
797 532 837 584 M.

188 607 329 671 ratidianus,
339 607 495 678 propinquus
508 611 601 672 noster,
611 607 642 661 0.
653 606 742 676 Sergio
752 607 837 660 Oratae

188 682 278 737 taedes
296 701 347 748 eas,
361 702 423 753 quas
442 682 473 737 ab
492 682 579 737 eodem
599 682 654 752 ipse
671 681 758 752 paucis
776 688 836 735 aute

188 763 246 813 erat.
283 759 328 813 Eu
347 758 507 814 serviebant:
530 758 574 813 sed
595 759 643 813 hoe
664 757 691 812 in
711 757 837 827 mancipio

188 852 221 888 on
244 833 351 889 dixerat
386 833 506 888 Adducta
529 853 570 888 res
593 833 620 889 in
640 833 764 904 judicium
788 837 836 887 est.

188 909 292 974 bassus,
318 909 494 964 Gratidianum
522 909 673 964 defendebat
696 909 835 963 Antonius.

188 1004 217 1040 us
233 985 350 1056 urgebat,
364 986 434 1056 qaod
450 988 508 1040 citii
525 986 641 1040 venditor
658 1002 714 1040 nora
730 986 836 1040 datast

189 1073 301 1132 oportere
310 1064 434 1132 praestari
441 1079 454 1126 ,·
472 1061 618 1132 aequitatem
632 1062 764 1128 Antonius,
776 1080 836 1132 qao·

188 1139 274 1192 vitium
291 1141 409 1206 ignotum
426 1140 516 1206 Sergio
533 1156 586 1191 reon
600 1139 703 1203 ,saisost
714 1140 763 1209 qui
777 1139 836 1192 illos

188 1213 281 1278 idion,
295 1213 460 1283 reitiljcisoc
476 1231 570 1266 necem
585 1212 649 1277 diei,
659 1231 705 1266 noe
716 1231 775 1267 eum
787 1231 836 1267 esse

196 1292 242 1360 qai
260 1289 296 1356 ic,
314 1289 381 1360 quod
396 1299 498 1352 meet,
516 1306 566 1359 qao
577 1290 637 1359 jare
654 1299 719 1353 aaa,
735 1298 835 1343 teneret.

188 1365 249 1420 ieci
284 1365 323 1419 Ut
335 1364 398 1421 illud
409 1364 544 1435 intelligas,
557 1383 609 1419 non
621 1363 745 1435 placuisse
756 1367 835 1434 mejo-
843 1377 874 1421 σε

188 1442 222 1496 ris
234 1446 342 1497 astutos.

188 1517 237 1573 Sed
249 1518 322 1573 aliter
334 1518 411 1589 leges,
421 1518 495 1574 aliter
508 1517 650 1590 philosophi
661 1518 755 1573 tollunt
766 1521 835 1573 astu·

189 1613 205 1661 s,
218 1601 343 1664 quatenns
356 1613 431 1649 manu
442 1599 530 1650 tenere
543 1600 665 1666 possunt:
683 1595 833 1667 philosophi,

195 1672 281 1726 atione
293 1676 320 1726 et
332 1671 507 1742 intelligentia.
532 1672 610 1727 Ratio
621 1672 702 1744 igitur
713 1671 834 1742 postulat,

201 1746 300 1814 sidiose,
311 1765 344 1802 ne
362 1747 423 1818 quid
441 1747 564 1812 simulate,
577 1767 610 1803 ne
625 1748 688 1820 quid
704 1749 835 1804 fallaciter.

206 1842 236 1878 ur
246 1823 352 1891 insidia,
364 1823 468 1879 tendere
479 1825 573 1896 plagas,
587 1825 664 1880 etiam
675 1825 699 1880 si
709 1826 834 1880 excitatu-

211 1901 278 1955 feras
290 1918 337 1954 nee
349 1901 513 1970 agitaturus?
550 1902 616 1970 lpse
627 1900 702 1967 euim,
714 1900 783 1954 nullo
795 1901 834 1954 in-

217 1994 254 2047 ape
265 1975 389 2031 incidunt.
425 1977 467 2031 Sic
478 1981 508 2030 tu
520 1976 586 2032 redes
599 1976 748 2047 proscribas,
759 1976 833 2032 tabu·

223 2071 243 2106 n
257 2051 364 2122 plagam,
373 2070 460 2123 ponas,
469 2052 570 2107 domum
584 2057 688 2123 propter
698 2052 762 2106 vitia
773 2071 833 2106 veu-

237 2127 327 2199 aliquis
343 2128 456 2183 incurrat
473 2118 638 2199 iinprudensi
675 2129 733 2183 Hoc
745 2147 830 2199 quam·
840 2142 873 2190 69

234 2210 321 2275 ropter
330 2203 534 2275 depravationem
543 2204 742 2270 consuetudinis,
749 2223 832 2276 neque

240 2279 306 2345 iberi,
314 2299 396 2352 neque
406 2285 450 2335 aut
458 2281 514 2352 lege
526 2280 618 2336 sanciri
626 2285 672 2336 aut
681 2281 739 2354 jure
748 2282 831 2339 civili:

264 2355 321 2428 lege
342 2361 459 2412 sanctuni
480 2361 527 2412 est.
565 2358 678 2413 Societas
697 2363 737 2414 est
756 2360 831 2424 euim,

250 2431 363 2487 idictum
373 2438 420 2498 est,
431 2432 563 2488 dicendum
573 2438 613 2489 est
621 2439 708 2490 tamen
719 2436 832 2507 saepius)

256 2527 276 2562 n
286 2527 342 2579 quae
352 2514 445 2580 pateat,
452 2509 564 2564 omnium
575 2510 643 2565 inter
652 2529 754 2578 omues3
767 2512 833 2566 inte-

269 2577 381 2647 ejusdem
391 2579 475 2648 gentis
488 2583 556 2647 sunt,
568 2579 671 2650 propior
682 2598 777 2644 eorum,
788 2579 833 2650 qui

266 2653 294 2707 is.
331 2655 421 2725 Itaque
438 2658 546 2724 majores
564 2655 632 2709 aliud
647 2655 690 2724 jus
708 2655 832 2725 gentium,

272 2747 323 2784 esse
336 2729 479 2784 voluerunt.
514 2731 592 2791 Quod
607 2730 689 2796 civile,
701 2748 754 2783 non
765 2729 833 2784 idem

278 2824 318 2872 αις
343 2805 410 2876 quod
428 2811 513 2860 autem
532 2807 655 2877 gentium,
675 2807 741 2862 idem
759 2805 832 2861 civile

282 2881 290 2936 l
309 2899 356 2936 nos
374 2882 428 2938 veri
445 2882 511 2953 juris
532 2902 708 2957 germanieque
721 2883 832 2956 justitiae
